2546 3986
164 218 232 282 460
406 220 495 270 ΠΕΡΙ
512 217 749 271 ΠΟΛΤΓῼΝΩΝ
767 219 942 273 ΑΡΙΘΜΩΝ.

164 379 267 465 μένου
295 379 331 445 ἐκ
358 391 424 446 τῶν
452 386 495 464 Α,
513 385 554 465 Β,
573 383 612 464 Γ,
626 383 716 463 Λ,Ε
743 380 926 445 διπλασίων
954 377 1045 445 έστλν
1072 379 1091 444 ὑ
1118 379 1189 446 ὑπὸ

165 484 419 573 συναμφοτέρου
446 493 506 552 τοὺ
533 493 574 551 Α.
589 490 621 549 Ε
645 483 701 550 καὶ
727 494 788 552 τοῦ
817 488 900 570 ΖΗ,
927 484 1098 552 τουτέστιν
1125 496 1190 552 τοῦ

164 596 316 677 πλήθους
339 603 405 659 τῶν
429 590 641 659 ἐκτεθέντων.
678 589 780 677 Ὅπερ
805 593 872 656 έδει
896 593 1007 670 δεῖξαι.

661 877 690 940 δ.

139 1041 152 1081 ι
229 1017 308 1086 Ἐάν
336 1015 419 1085 ὦσιν
447 1017 511 1085 ἀπὸ
535 1018 680 1103 μονάδος
703 1018 885 1084 ὁποσοιοῦν
908 1015 1047 1103 άριθμοὶ
1071 1017 1108 1084 ἐν
1132 1024 1193 1104 λσῆ

165 1127 322 1212 ὑπεροχῇ,
345 1126 363 1192 ὑ
388 1127 518 1210 σύμπας
540 1122 847 1201 πολυπλασιασθεὶς
869 1122 922 1190 ἐπὶ
945 1127 1005 1190 τὸν
1026 1125 1189 1190 ὀκταπλα-

166 1235 262 1298 σίονα
292 1241 349 1317 τῆς
378 1232 541 1318 ὑπεροχῆς
568 1231 694 1314 αὑτῶν,
726 1229 780 1296 καλ
807 1232 1009 1317 προσλαβὼν
1034 1232 1093 1297 τὸν
1123 1231 1191 1298 ἀπὸ

165 1348 226 1404 τοῦ
245 1339 345 1404 δυάδι
364 1337 543 1416 ἐλάσσονος
565 1345 624 1422 τῆς
646 1338 812 1423 ὑπεροχῆς
834 1338 946 1404 αὐτῶν
968 1338 1192 1424 τετράγωνον,

165 1449 293 1528 γίνεται
310 1447 517 1532 τετράγωνος
534 1441 576 1511 οὑ
594 1445 614 1529 ῆ
633 1446 760 1531 πλευρά
779 1450 921 1513 λιποῦσα
940 1445 1048 1512 δυάδα
1066 1451 1190 1512 πολλα-

127 1573 152 1612 ιο
165 1553 306 1630 πλάσιος
328 1554 419 1618 ἔσται
441 1561 499 1636 τῆς
521 1551 685 1637 ὑπεροχῆς
703 1551 815 1618 αὐτῶν
832 1553 914 1617 κατά
936 1575 1011 1617 τινα
1029 1551 1194 1637 ἀριθμόν,

166 1658 203 1736 ὃς
234 1660 434 1744 προσλαβὼν
465 1657 596 1743 μονάδα
628 1659 814 1723 διπλασίων
847 1655 915 1722 ἐστὶ
945 1665 1006 1722 τοῦ
1035 1659 1192 1740 πλῆθους

165 1775 233 1829 τῶν
257 1762 454 1848 ἐκκειμένων
477 1764 612 1829 πάντων
636 1766 699 1830 σὺν
721 1772 761 1849 τῆ
785 1763 915 1849 μονάδι.

225 1904 396 1971 Ἔστωσαν
423 1907 486 1991 χὺρ
515 1905 579 1971 άπὸ
608 1905 755 1989 μονάδος
782 1903 922 1991 άριθμολ
950 1903 987 1970 έν
1011 1911 1065 1991 ἴσῃ
1088 1905 1191 1990 ὑπερ-

167 2021 243 2098 οχῆ,
275 2013 310 2077 οἱ
335 2017 416 2095 ΑΒ,
436 2014 517 2095 ΓΛ,
536 2016 610 2075 ΕΖ·
644 2009 730 2094 λέγω
760 2011 812 2077 ὅτι
839 2015 966 2095 γίνεται
992 2013 1030 2077 τὸ
1057 2015 1192 2097 προτεί-

127 2139 152 2179 15
167 2141 278 2203 μενον.

224 2256 320 2322 Ὅσοι
347 2258 411 2341 γάρ
439 2260 525 2324 ελσιν
548 2261 584 2324 ολ
609 2257 799 2337 ἐκτιθέντες
822 2261 885 2325 σὺν
907 2267 947 2345 τῆ
971 2259 1107 2343 μονάδι,
1135 2282 1191 2324 το-

167 2372 285 2429 σαῦται
308 2364 451 2448 μονάδες
474 2369 621 2431 ἔστωσαν
645 2366 682 2432 ἐν
705 2376 749 2454 τῷ
772 2369 855 2430 ΗΘ·
878 2364 934 2431 καὶ
958 2363 1028 2431 έπεὶ
1052 2365 1191 2450 ῆὺπερ-

167 2471 227 2554 οχῆ
251 2464 272 2557 ᾖ
295 2470 448 2557 ὑπερέχει
472 2473 490 2538 ὁ
514 2476 578 2537 ΕΖ
602 2473 759 2557 μονάδος,
782 2480 841 2557 τῆς
860 2464 1065 2558 ὑπεροχῆςῇ
1089 2471 1192 2557 ὑπερ-

168 2575 235 2661 έχει
267 2579 285 2644 ὑ
314 2581 378 2642 ΑΒ
407 2578 611 2663 <μονάδος>,
644 2579 890 2656 πολλαπλάσιός
922 2576 991 2643 ἐστι
1018 2579 1100 2642 κατὰ
1130 2580 1191 2644 τὺν

127 2705 153 2746 ω
168 2684 290 2768 μονάδι
322 2683 485 2750 ἐλάσσονα
512 2695 573 2751 τοῦ
600 2689 640 2749 Η
642 2689 686 2769 Θ,
718 2685 777 2752 έδν
808 2687 873 2771 άρα
904 2691 1022 2768 θῶμεν
1050 2682 1193 2750 ἕκαστον

168 2791 315 2875 μονάδος
336 2794 396 2858 τὸν
419 2795 498 2876 ΑΚ,
516 2796 594 2875 ΕΛ,
611 2795 702 2875 ΗΜ,
731 2790 847 2875 ἕξομεν
869 2793 929 2857 τὸν
952 2794 1017 2856 ΛΖ
1040 2785 1110 2856 τοὺ
1124 2794 1190 2855 ΚΒ

167 2897 416 2965 πολλαπλάσιον
438 2899 520 2964 κατὰ
538 2900 598 2964 τὸν
617 2901 705 2963 M&
729 2898 811 2962 ὥστε
835 2897 853 2963 ὁ
872 2901 903 2961 Λ
910 2901 937 2960 Ζ
962 2903 1033 2974 λ’σος
1056 2893 1125 2962 ἐστὶ
1144 2899 1192 2985 τῷ

167 3004 233 3069 ὑπὸ
256 3007 438 3069 ΚΒ.ΜΘ·
461 3003 516 3071 καὶ
542 3004 601 3070 ε’διν
624 3010 739 3089 θῶμεν
763 3003 887 3080 δυάδος
909 3005 969 3069 τὸν
992 3006 1074 3088 ΚΝ,
1098 3007 1192 3089 ζητῆ-

239 3282 398 3341 momen
416 3285 448 3342 Β.
540 3285 849 3348 ὑπολλαπλασιασθελς
871 3285 926 3340 Βα.
1017 3278 1191 3339 θέλάοοονα

166 3356 200 3424 A,
221 3351 355 3412 ἐλάττονα
373 3357 419 3428 Βι.
485 3361 518 3412 13
536 3357 591 3427 χδιρ
610 3373 663 3412 om.
678 3358 733 3412 Ba.
799 3361 834 3410 18
852 3357 918 3428 ΕΖ]
937 3356 1068 3426 ηζΑΒ.
1141 3375 1191 3426 μο-

167 3425 243 3482 νάδα
262 3428 310 3483 Ba
328 3427 410 3497 (item
427 3431 483 3498 21).
570 3433 604 3482 19
623 3427 748 3499 μονάδος
768 3427 905 3498 supplevi.
993 3433 1027 3482 20
1046 3395 1135 3483 δλάττ.
1154 3427 1188 3498 Β1

168 3497 249 3566 (item
267 3516 295 3568 p.
310 3505 372 3568 462,
387 3499 422 3568 3).
495 3504 529 3552 21
551 3496 657 3569 ἕξομεν
675 3499 708 3556 A.
783 3505 816 3554 22
835 3499 1065 3554 πολλαπλασίονα
1083 3498 1128 3568 131.

168 3591 202 3639 ω
222 3586 340 3657 ειωις]
360 3585 454 3640 ειωι
473 3586 528 3656 οι,
547 3572 600 3640 ΔΥ
609 3587 643 3658 A,
663 3588 786 3658 ειιιμιι
804 3588 837 3646 Β.
