2546 3986
159 204 226 267 412
513 203 772 256 ΑΡΙΘΜΗΤΙΚΩΝ
792 203 819 256 ς’.

228 363 296 435 Καὶ
323 365 425 432 πάλιν
452 364 592 449 τάξομεν
619 364 700 430 αὑτὸ
725 360 908 449 δεδομάνον
930 370 975 451 τῷ
1000 364 1096 428 εῖδει.
1126 361 1187 428 άπ-
1257 327 1259 350 ¹

161 472 275 557 άγεται
297 474 346 550 εἰς
367 475 405 538 τὸ
428 472 541 560 εὑρεῖν
562 474 729 557 τρίγωνον
752 471 964 556 ὀρθογώνιον
987 469 1076 548 ὅπως
1106 470 1125 536 6
1150 468 1189 535 ἐν
1259 483 1260 524 1

160 588 208 666 τῷ
230 579 363 666 ἐμβαδῷ
387 579 492 644 αὑτοῦ
511 579 568 643 6³¹⁶
586 579 767 661 γενόμενος
787 577 988 663 προσλαβὼν
1012 592 1187 662 συναμφο-

161 683 260 771 τέρου
291 694 349 770 τῆς
380 707 415 750 τε
447 684 687 767 ὑποτεινούσης
717 681 773 749 καὶ
800 693 877 768 μιᾶς
903 695 971 749 τῶν
1000 684 1116 769 ὀρθῶν
1140 685 1188 772 τὸ

133 791 264 876 δλμισυ
287 788 340 876 ἐφ’
363 788 461 856 ἑαυτὸ
484 798 563 876 ποιῆ
582 790 803 876 τετράγωνον,
826 787 881 855 καὶ
905 792 1117 874 δειχθήσεται
1137 789 1188 854 ὅτι

162 899 252 964 ἔστιν
274 923 329 983 κῆ,
351 922 403 983 με,
426 924 478 983 νγ.

228 1007 339 1072 τάσσω
363 1005 444 1071 αὐτὸ
464 1003 502 1070 ἐν
518 1020 538 1073 5
557 1005 614 1070 καλ
634 1008 787 1088 γίνονται
805 988 908 1088 Δῖχλ
915 1005 1035 1076 mu
1050 1008 1094 1068 ῖσ.
1107 986 1189 1068 6⁹16.

161 1109 367 1196 καὶγίνεται
390 1111 409 1178 6
432 1127 451 1179 5
475 1099 576 1179 Μςχ.

229 1215 282 1282 ἐπὶ
306 1219 364 1296 τὰς
394 1217 597 1294 ὑποστάσεις.

123 1461 149 1501 1⁰
495 1452 618 1533 Λῆμμα
641 1447 688 1524 εἰς
710 1449 748 1512 τὸ
772 1444 854 1531 ἑξῆς.

229 1589 355 1676 Εὑρεῖν
373 1592 539 1676 τρίγωνον
557 1590 770 1676 ὀρθογώνιον
789 1588 878 1666 ὅπως
893 1588 935 1673 <ἡ
954 1588 1102 1675 ὑπεροχὴ
1121 1599 1191 1654 τῶν

163 1697 278 1781 ὀρθῶν
302 1689 323 1782 ᾖ
346 1695 588 1782 τετράγωνος>,
606 1693 662 1761 καὶ
681 1697 699 1764 6
719 1694 757 1761 ἐν
774 1704 814 1781 τῆ
835 1698 961 1780 μείζονι
982 1705 1051 1762 τῶν
1072 1695 1190 1782 ὀρθῶν

162 1795 184 1888 ᾖ
207 1801 424 1888 τετράγωνος,
449 1803 497 1867 ἔτι
521 1799 559 1866 δὲ
580 1800 637 1868 καὶ
660 1802 679 1869 6
702 1800 740 1867 ἐν
758 1811 803 1891 τῷ
828 1801 961 1890 ἐμβαδῷ
982 1802 1086 1869 αὐτοῦ
1107 1804 1189 1888 μετὰ

164 1908 346 1986 ἐλάσσονος
369 1908 475 1993 ὀρθῆς
497 1917 576 1994 ποιῆ
599 1908 817 1993 τετράγωνον.

122 2045 149 2086 15
230 2013 424 2081 Πεπλώσθω
451 2017 617 2099 τρίγωνον
646 2015 710 2080 ἀπὸ
739 2014 894 2101 ἀριθμῶν
927 2015 989 2080 δύο
1021 2013 1077 2080 καὶ
1106 2015 1190 2082 ὑπο-

162 2124 289 2187 κείσθω
317 2120 337 2204 ῆ
367 2123 486 2204 μείζων
514 2120 602 2205 ὀρθὴ
630 2118 793 2205 γενομένη
823 2121 859 2185 ἐκ
885 2130 947 2187 τοῦ
970 2115 1101 2198 δὶς’ὑπ’
1130 2123 1188 2188 αὑ-

163 2238 238 2292 τῶν.
290 2227 343 2290 δεῖ
369 2221 432 2291 οὑν
461 2226 574 2312 εὑρεῖν
603 2228 665 2293 δύο
694 2223 860 2313 άριθμοὺς
887 2227 976 2304 ὅπως
1003 2228 1021 2293 ὀ
1049 2226 1102 2306 δὶς
1128 2227 1185 2294 ὑπ’

163 2332 274 2398 αὐτῶν
296 2324 317 2417 ᾖ
342 2332 557 2416 τετράγωνος,
580 2331 636 2398 καὶ
658 2333 678 2417 ἡ
702 2333 860 2418 ὑπεροχή,
884 2326 906 2419 ἦ
925 2332 1078 2419 ὑπερέχει
1096 2334 1115 2401 6
1136 2334 1190 2413 δὶς

162 2435 218 2505 ὑπ’
247 2437 358 2504 αὐτῶν
380 2446 438 2521 τῆς
460 2437 625 2525 ὑπεροχῆς
646 2450 714 2504 τῶν
738 2438 794 2505 ἀπ’
821 2439 932 2505 αὐτῶν
959 2442 1191 2527 τετραγώνων,

123 2578 150 2618 20
163 2552 243 2630 ποιῆ
268 2547 337 2609 []⁰⁹.
382 2551 481 2609 τοῦτο
510 2540 548 2610 δὲ
571 2543 608 2610 ἐν
631 2553 712 2609 πᾶσι
736 2542 835 2610 δυσὶν
858 2543 1032 2632 ἀριθμοῖς,
1064 2546 1146 2614 ὅταν
1170 2549 1189 2616 6

53 2721 56 2728 ,
163 2653 283 2736 μείζων
305 2658 367 2716 τοὺ
390 2647 569 2728 ἐλάσσονος
592 2643 613 2736 ᾖ
638 2651 833 2717 διπλασίων.

232 2758 352 2823 λοιπὸν
389 2760 550 2841 ζητοῦμεν
585 2755 641 2822 καλ
673 2760 710 2824 τὸ
750 2757 897 2842 ἐμβαδὸν
929 2769 991 2826 τοῦ
1021 2763 1192 2847 τριγώνου

67 2900 71 2912 ·
163 2864 245 2951 μετὰ
267 2871 325 2948 τῆς
347 2862 527 2941 ἐλάσσονος
545 2874 613 2930 τῶν
631 2865 748 2950 ὀρθῶν
770 2876 881 2931 ποιεῖν
905 2869 979 2931 [Jov-
1002 2869 1131 2951 γίνεται
1150 2866 1190 2936 δὲ

236 3063 250 3111 1
272 3050 323 3111 ἐὰν
341 3055 468 3125 τάξωμεν
487 3055 542 3112 Ba.
606 3056 650 3128 2]ss
670 3051 700 3110 ἐν
719 3062 757 3129 τῷ
776 3051 889 3146 ὀμρθαδῷ
908 3059 964 3127 Βα,
984 3054 1106 3133 ἕμβοιδός
1123 3061 1187 3117 ΑΒ.

200 3135 216 3183 3
229 3127 409 3218 προσλαβών]
428 3125 500 3218 πρὸς
512 3127 573 3182 ΑΒ.
625 3125 668 3197 314
683 3145 898 3198 σνναμφοτερον
914 3129 948 3199 Α,
968 3129 1192 3224 σνναμφρτέρων

162 3199 243 3342 (Ιόὀοπι
264 3205 305 3338 124,
325 3198 597 3342 ὑὺντῷόἿωόἓΒῖὸν
622 3198 759 3325 Ἰώώοῖώεῖ
771 3208 832 3328 6⁰6¹.
857 3200 927 3327 περό
947 3201 1117 3331 ὀιόὑὸώρότὺν
1141 3206 1191 3261 Ba

164 3365 180 3415 8
198 3344 236 3413 61
250 3374 304 3412 om.
320 3357 375 3413 Βα.
433 3364 466 3414 10
479 3363 582 3429 Λῆμμα
601 3356 641 3421 εἰς
658 3359 689 3414 τὸ
709 3354 773 3429 ἑξῆς
791 3377 845 3417 om.
860 3361 914 3418 Βα.
972 3362 1050 3434 11112
1069 3363 1190 3436 ὴὺπερ-

164 3429 215 3500 οχῆ
235 3437 292 3483 τῶν
308 3429 374 3500 περὶ
392 3430 443 3500 τὴν
463 3427 556 3500 ὀρθὴν
576 3431 667 3500 suppl.
682 3431 738 3496 Ba,
757 3448 831 3500 quae
849 3431 967 3488 mutavi.
1023 3440 1056 3490 12
1075 3442 1109 3506 τῆ
1127 3439 1191 3506 μεῖ-

164 3504 224 3567 ζονι
242 3500 302 3568 Βα,
320 3506 359 3573 τῷ
377 3511 396 3556 ᾱ
414 3501 476 3555 AB.
551 3508 584 3556 13
604 3499 645 3556 ἔτι
663 3502 699 3573 Β,
719 3500 794 3557 ἔστιν
812 3503 845 3556 Α
918 3504 968 3559 καλ
986 3520 1040 3563 om.
1059 3506 1113 3563 Βα,

166 3578 199 3626 14
218 3571 321 3643 ὀρθῆς]
334 3573 372 3632 ‚L
386 3571 451 3642 AB,
469 3579 524 3625 τῶν
543 3572 608 3643 περὶ
625 3571 677 3642 τὴν
697 3573 789 3645 ὀρθὴν
803 3576 851 3631 Βα
869 3575 950 3646 (item
965 3593 1017 3646 pro
1032 3577 1117 3648 ὀρθὴ,
1134 3582 1189 3651 16).
