2552 3980
295 196 629 249 ARITHMETICORUM
646 199 756 250 LIBER
775 199 942 264 QUINTUS.
1059 200 1122 266 351

99 360 137 422 et
160 357 189 422 si
210 358 363 443 ponimus
391 380 491 424 unum
521 358 743 444 quaesitorum
766 357 1029 450 (quadratorum)
1053 385 1124 430 esse

98 465 138 548 4,
172 464 338 548 oportebit
369 465 486 550 partiri
521 466 561 532 16
594 466 629 531 in
661 466 742 532 duos
775 467 951 551 quadratos
985 491 1123 554 quornm

100 573 240 656 uterque
273 572 318 637 sit
347 573 453 638 minor
482 595 579 658 quam
611 573 659 640 10.
711 570 774 639 Sed
807 573 979 641 didicimus
1012 575 1122 642 datum

100 678 298 764 quadratum
321 679 438 763 partiri
461 679 496 744 in
519 679 599 746 duos
623 680 797 765 quadratos
818 702 956 765 quorum
975 704 1057 747 unus
1079 683 1123 748 sit

99 784 207 851 maior
231 807 328 870 quam
351 787 371 850 6
396 789 429 850 et
452 786 558 853 minor
581 808 679 871 quam
705 787 755 853 10.

169 891 223 956 Ita
241 891 286 957 sit
305 913 431 958 summa
450 893 526 959 data
545 893 597 979 16,
617 895 741 978 partita
759 895 794 958 in
813 895 990 979 quadratos
1010 891 1121 984 (duos)

100 1021 242 1084 quorum
273 1002 409 1085 uterque
443 1000 488 1066 sit
519 1000 627 1066 minor
656 1023 752 1086 quam
783 1002 832 1067 10.
886 999 920 1067 si
948 1005 1121 1088 utrumque

100 1105 326 1172 subtrahimus
359 1129 379 1172 a
408 1108 463 1188 10,
494 1107 696 1173 inveniemus
728 1109 875 1176 residuos
907 1132 1045 1195 quorum
1076 1109 1121 1175 bi·

98 1233 219 1278 norum
243 1236 370 1280 summa
393 1214 473 1280 faoit
499 1214 701 1300 quadratum.

566 1462 654 1529 XIV.

168 1585 292 1652 Datum
318 1609 490 1654 numerum
517 1588 552 1652 in
575 1591 714 1674 quatuor
737 1611 891 1656 numeros
914 1589 1047 1675 partiri,
1073 1589 1119 1654 ita
1141 1609 1172 1658 17

98 1697 139 1758 ut
162 1693 248 1758 terni
271 1694 370 1761 simul
393 1693 496 1759 additi
519 1694 642 1761 faciant
666 1695 869 1780 quadratum.

167 1799 374 1884 Proponatur
398 1801 463 1866 iam
489 1802 540 1868 10.

169 1906 329 1983 Quoniam
358 1929 485 1974 summa
511 1908 611 1974 trium
640 1932 660 1975 a
689 1909 723 1973 1⁰
746 1908 826 1975 facit
851 1911 882 1973 [i
911 1911 945 1974 et
967 1909 1120 1974 similiter

1 2007 2 2014 '
99 1992 231 2081 summa
262 2012 363 2080 trium
391 2037 411 2079 a
442 2015 489 2100 2⁰,
521 2037 648 2080 summa
675 2014 775 2081 trium
804 2037 824 2080 a
850 2015 895 2101 3⁰,
927 2018 961 2080 et
993 2037 1121 2082 summa

97 2121 201 2187 trium
228 2143 249 2186 a
275 2121 322 2203 4⁰,
354 2141 432 2207 ergo
461 2124 511 2187 ter
538 2144 665 2188 summa
693 2125 835 2207 quatuor
868 2123 1012 2189 omnium
1040 2123 1121 2190 faoit

98 2249 262 2295 summam
286 2231 426 2313 quatuor
449 2229 691 2313 quadratorum.
738 2227 801 2296 Sed
822 2233 873 2296 ter
897 2253 1025 2297 summa
1044 2253 1119 2318 qua·

97 2339 176 2400 tuor
197 2356 407 2401 numerorum
431 2335 510 2402 faoit
534 2337 590 2420 303
619 2337 785 2421 oportebit
811 2339 914 2424 igitur
936 2338 1052 2424 partiri
1075 2339 1119 2404 30

97 2443 133 2508 in
163 2445 302 2529 quatuor
325 2442 502 2527 quadratos
531 2465 669 2528 quorum
697 2445 918 2530 unusquisque
947 2444 991 2512 sit
1014 2445 1120 2512 minor

96 2571 197 2635 quam
222 2550 277 2636 1ος
301 2548 387 2634 quod
410 2550 458 2615 sio
480 2549 670 2616 invenietur.

166 2655 230 2722 Vel
280 2656 606 2743 appropinquationis
654 2654 847 2744 prooessu¹)
894 2661 1118 2723 construemus

95 2803 362 2868 unumquemque
395 2781 589 2868 quadratum
622 2777 735 2868 (quam
766 2777 967 2868 proximum)
997 2765 1062 2875 7}‚
1086 2787 1119 2848 et

95 2929 361 2993 unumquemque
395 2907 625 2974 subtrahentes
656 2929 676 2972 a
706 2907 760 2993 10,
791 2906 991 2973 inveniemus
1024 2929 1118 2993 quae

97 3015 195 3100 sitos3
218 3015 270 3080 vel
288 3015 392 3100 aliter,
416 3015 509 3081 video
528 3015 572 3080 30
591 3035 661 3080 esse
686 3014 728 3081 16
744 3015 784 3096 -Ι-
801 3014 822 3080 9
839 3016 878 3097 -Ι-
894 3015 917 3078 4
932 3016 972 3097 -ί-
990 3016 1019 3080 1.
1056 3014 1117 3081 Po-

97 3141 315 3151 ἡ

172 3211 199 3279 1)
218 3207 259 3264 cf.
279 3207 313 3278 V,
327 3227 363 3262 ιι.

97 3440 188 3512 elit.)
208 3442 237 3494 B.
319 3443 365 3494 ’18
383 3438 529 3510 τέσσαρας]
555 3439 620 3502 τοὺς
642 3434 776 3508 τέσσαρας
794 3438 838 3509 131.
930 3435 991 3491 ἀλλ’
1013 3435 1043 3492 ot
1063 3439 1118 3507 Ba,

95 3511 169 3568 ena
187 3511 205 3580 ἡ
224 3511 255 3568 Β.
339 3518 373 3567 23
392 3511 421 3581 L'
441 3528 494 3566 orn.
513 3511 577 3582 ABl
600 3511 679 3581 (item
696 3527 725 3578 p.
740 3514 801 3580 352,
815 3512 850 3582 6).
936 3509 1118 3579 τετραγώνων

94 3583 159 3640 AB.
233 3589 269 3637 24
288 3582 324 3654 μὴ
343 3583 405 3653 ΑΒ,
425 3582 479 3653 μὴν
498 3583 553 3639 Bo.
