2536 3970
173 188 215 250 14
525 187 781 240 ιειοιιιινιιιωιι
799 189 830 241 A.

237 346 304 412 Καὶ
340 359 408 413 τῶν
444 353 768 434 πολλαπλασιασμῶν
806 365 859 416 σοι
896 343 1184 438 σαφηνισθέντων,
1254 301 1255 372 3

170 460 315 541 φανεροί
349 458 433 520 είσιν
466 457 502 521 οί
532 453 686 542 μερισμοὶ
717 466 785 521 τῶν
815 455 1044 542 προκειμένων
1076 462 1184 525 εἴδῶν.

170 567 277 639 καλῶς
300 556 363 628 οὖν
385 565 451 648 ἔχει
470 561 693 648 έναρχόμενον
711 570 769 645 τῆς
785 568 1009 648 πραγματείας
1028 565 1184 633 συνθέσει

169 668 224 735 καὶ
248 668 420 756 ἀφαιρέσει
442 667 498 734 καῖ
520 674 847 754 πολλαπλασιασμοίς
865 682 935 748 τοῖς
954 670 1031 758 περὶ
1049 675 1089 737 τά
1112 676 1183 758 εἴδη

141 777 415 862 ιχεγνμνάσθαι,
446 774 500 841 καὶ
527 787 598 852 πῶς
624 779 698 858 εἴδη
725 775 915 862 ὑπάρχοντα
943 776 999 843 καῖ
1028 783 1183 844 λείποντα

168 885 213 967 μή
237 883 414 967 δμοπληθή
434 889 586 969 προσθῇς
605 880 729 966 ἑτέροις
746 884 882 966 εἴδεσιν,
906 885 980 966 ήτοι
999 882 1054 949 καῖ
1072 885 1183 962 αὑτοῖς

167 988 388 1075 ὑπάρχουσιν,
411 988 432 1072 ή
455 986 510 1053 καῖ
529 988 651 1072 ὁμοίως
668 988 856 1075 ὑπάρχουσι
874 987 929 1054 καὶ
948 991 1184 1073 λείπουσι,καῖ

167 1106 236 1172 πῶς
273 1094 337 1161 ἀπὸ
374 1094 591 1181 ὑπαρχόντων
626 1096 728 1161 είδῶν
759 1097 814 1159 καῖ
847 1092 969 1181 ἑτέρων
1001 1098 1183 1163 λειπόντων

167 1200 292 1287 ὑφέλης
311 1201 404 1286 ἔτερα
422 1203 496 1284 ήτοι
514 1200 716 1287 ὑπάρχοντα,
740 1200 760 1284 ή
779 1198 833 1266 καὶ
853 1201 975 1285 ὁμοίως
993 1203 1184 1288 ὑπάρχοντα

128 1331 155 1370 ιο
167 1306 222 1372 καῖ
246 1310 411 1373 λείποντα.

233 1415 331 1479 Μετδι
350 1409 387 1478 δὲ
406 1423 508 1479 ταῦτα
527 1413 585 1478 έάν
604 1414 667 1479 ἀπὸ
686 1417 917 1499 προβλήματός
938 1437 1030 1492 τινος
1050 1413 1184 1500 γένηται

167 1522 240 1603 εἴδη
264 1521 338 1585 τινὰ
359 1525 413 1585 ἴσα
432 1521 534 1584 εἴδεσι
553 1531 623 1597 τοῖς
641 1519 764 1603 αὐτοῖς,
787 1521 831 1604 μή
850 1521 1027 1606 ὁμοπληθῆ
1047 1520 1096 1605 δέ,
1119 1521 1182 1588 ἀπὸ

144 1624 331 1713 ’ἑκατέρων
359 1637 426 1692 τῶν
453 1638 564 1713 μερῶν
592 1628 704 1712 δεήσει
731 1625 887 1713 ἀφαιρεῖν
916 1629 956 1693 τά
988 1628 1086 1713 ὅμοια
1118 1627 1183 1694 ἀπὸ

166 1744 233 1799 τῶν
256 1734 396 1818 ὁμοίων,
428 1733 489 1811 ἕως
510 1733 553 1799 ἀν
576 1734 613 1798 ἓν
636 1729 726 1810 εἴδος
749 1731 799 1798 ἑνὶ
827 1736 910 1799 εἴδει
938 1741 1012 1800 ἴσον
1039 1734 1183 1819 γένηται.

126 1862 152 1902 ιτ
166 1839 225 1904 έὺν
249 1841 289 1906 δέ
307 1864 378 1918 πως
401 1841 437 1907 ἐν
461 1841 607 1930 ὁποτέρῳ
632 1841 800 1927 έννπάρχη
823 1840 844 1924 ή
869 1839 905 1907 έν
930 1839 1128 1927 ἀμφοτέροις
1146 1840 1183 1906 ἐν

166 1945 335 2024 έλλεῖψεσί
358 1972 433 2013 τινα
461 1950 549 2032 εἴδη,
583 1948 694 2030 δεήσει
724 1955 924 2033 προσθεῖναι
955 1949 996 2012 τὰ
1029 1951 1185 2012 λείποντα

166 2054 237 2136 εἴδη
261 2052 298 2118 ἐν
322 2052 520 2139 ἀμφοτέροις
538 2064 607 2129 τοῖς
626 2051 770 2139 μέρεσιν,
793 2053 854 2131 ἕως
872 2053 914 2118 ἀν
934 2052 1097 2140 ἑκατέρων
1116 2063 1185 2118 τῶν

38 2206 41 2210 -
166 2169 275 2244 μερῶν
294 2161 334 2223 τδι
353 2161 426 2242 εἴδη
446 2159 674 2242 ἐνυπάρχοντα
693 2156 837 2243 γένηται,
856 2159 910 2224 καῖ
928 2161 1029 2226 πάλιν
1046 2159 1184 2245 ἀφελεῖν

164 2266 205 2328 τὰ
229 2264 325 2349 ὅμοια
348 2264 413 2330 ἀπὸ
436 2275 503 2330 τῶν
527 2264 663 2348 ὁμοίων,
687 2263 748 2343 ἕως
767 2263 809 2330 ἀν
828 2263 969 2356 ἑκατέρῳ
987 2277 1054 2332 τῶν
1071 2276 1184 2351 μερῶν

125 2393 151 2432 ιο
165 2370 203 2435 ἓν
225 2366 314 2446 εἶδος
337 2377 553 2456 καταλειφθῇ.

233 2480 501 2565 Φιλοτεχνείσθω
531 2473 568 2541 δὲ
596 2487 694 2543 τοῦτο
723 2476 760 2543 έν
787 2489 858 2555 ταῖς
884 2479 1085 2544 ὑποστάσεσι
1112 2489 1182 2544 τῶν

163 2584 372 2668 προτάσεων,
400 2583 459 2650 έάν
486 2582 674 2668 ἐνδέχηται,
704 2582 764 2662 ἕως
787 2583 829 2649 ἀν
852 2585 889 2650 ἓν
912 2580 1001 2660 εἶδος
1024 2583 1075 2649 ἑνὶ
1097 2586 1184 2649 εἴδει

165 2696 238 2755 ἴσον
265 2695 486 2775 καταλειφθῇ·
518 2690 660 2776 ὕστερον
693 2687 734 2754 δέ
763 2705 815 2754 σοι
848 2689 1000 2774 δείξομεν
1026 2688 1082 2755 καῖ
1111 2701 1185 2768 πῶς

165 2798 226 2862 δύο
245 2799 345 2863 εἰδῶν
365 2803 448 2862 ἴσων
462 2793 513 2861 ἑνὶ
531 2794 825 2881 καταλειφθέντων
838 2799 875 2862 τὸ
890 2807 1043 2862 τοιοῦτον
1057 2797 1183 2862 λύεται.

123 2924 148 2965 ιι
231 2907 308 2969 Νῦν
332 2900 362 2969 δ’
390 2901 445 2968 ἐπὶ
466 2904 524 2979 τάς
546 2903 721 2989 προτάσεις
743 2905 945 2987 χωρήσωμεν
968 2902 1066 2985 ὁδόν,
1089 2906 1184 2967 πλεί-

164 3026 245 3094 στην
259 3013 389 3095 ἔχοντες
403 3010 464 3092 τήν
479 3003 527 3073 ἐπ’
547 3009 661 3086 αὑτοῖς
680 3021 749 3085 τοῖς
762 3010 865 3074 εἴδεσι
878 3006 1183 3096 ξσννηθροισμένην

162 3117 257 3200 ὑλην.
306 3121 472 3182 πλείστων
502 3112 531 3181 δ’
565 3117 673 3181 ὄντων
699 3125 745 3204 τῶ
774 3114 907 3203 ἀριθμῶ
934 3112 989 3179 καῖ
1016 3118 1185 3198 μεγίστων
1254 3109 1255 3120 ’

162 3232 207 3310 τῷ
241 3225 343 3315 δχκφ,
375 3221 428 3288 καλ
458 3224 514 3288 διά
541 3231 641 3288 τοῦτο
664 3221 812 3309 βραδέως
839 3220 1089 3306 βεβαιουμένων
1111 3223 1183 3289 ὑπὸ

233 3497 248 3544 6
267 3489 440 3559 προσθήσεις
454 3490 484 3544 Β.
531 3496 546 3543 9
561 3485 667 3557 ὑφέλης
679 3485 712 3552 A,
731 3483 900 3553 ἀφαιρήσεις
917 3485 948 3537 Β.
988 3490 1021 3539 12
1032 3485 1093 3552 εἴδη
1112 3485 1184 3541 τινὰ

162 3560 220 3632 ἴσα]
235 3559 418 3630 ὑπαρξιςΒα.
477 3560 555 3630 15s16
567 3553 598 3613 έν
613 3553 762 3627 έλλείψεσι]
779 3550 925 3627 ένελλείψη
936 3556 990 3612 Ba.
1045 3561 1078 3610 21
1089 3574 1182 3626 πεφι-
