2536 3970
173 205 214 269 ις
528 205 782 260 mmmmm<
800 208 832 261 A.

170 378 237 433 τῶν
272 370 602 452 παραλαμβανόντων
638 367 722 433 αὑτά
762 366 817 433 καὶ
853 370 961 434 όντων
998 368 1035 434 ἐν
1076 369 1197 447 αὐτοῖς

172 476 487 558 δυσμνημονευτῶν,
510 472 692 560 ἐδοκίμασα
715 477 754 540 τὰ
778 473 815 539 ἐν
838 475 951 551 αὑτοῖς
973 473 1196 560 ἐπιδεχόμενα

172 583 330 664 διαιρεῖν,
359 579 415 646 καὶ
438 581 578 665 μάλιστα
600 582 641 646 τά
664 580 701 648 ἐν
724 582 806 667 ἀρχῇ
831 583 949 666 ἔχοντα
972 582 1197 667 στοιχειώδως

171 687 235 754 ἀπὸ
259 686 493 774 ἁπλουστέρων
511 685 564 753 ἐπὶ
584 689 786 774 σκολιώτερα
805 688 928 753 διελεῖν
947 687 992 765 ὡς
1014 696 1195 774 προσῆκεν.

145 795 276 871 ιοὺτως
299 795 362 880 γάρ
386 794 546 859 εὑόδευτα
568 797 742 878 γενήσεται
764 805 835 871 τοῖς
858 792 1067 880 ἀρχομένοις,
1092 793 1149 860 καὶ
1172 795 1195 878 ἡ

171 899 285 984 άγωγὴ
309 900 420 965 αὐτῶν
450 903 776 985 μνημονευθήσεται,
803 908 859 984 της
886 904 1109 986 πραγματείας
1132 901 1195 966 αὐ-

171 1017 239 1072 τῶν
262 1005 299 1072 ἐν
321 1008 532 1088 τρισκαίδεκα
554 1010 696 1091 βιβλίοις
719 1005 947 1092 γεγενημένης.

667 1225 697 1265 α.

243 1326 310 1389 Τὸν
329 1323 547 1411 ἐπιταχθέντα
566 1324 714 1411 ἀριθμὸν
732 1327 855 1391 διελεῖν
874 1327 922 1403 είς
940 1327 1002 1392 δύο
1023 1325 1193 1412 άριδμοὺς
1256 1371 1257 1382 ι

133 1466 158 1505 10
173 1431 210 1498 ἐν
233 1432 378 1517 ὑπεροχῇ
401 1440 441 1516 τῇ
466 1433 615 1516 δοδείση.

230 1535 337 1602 Ἔστω
357 1538 398 1621 δη
419 1536 436 1602 6
456 1535 572 1614 δοθεὶς
590 1536 733 1623 ἀριθμὸς
752 1536 769 1602 6
788 1544 820 1622 ρ,
842 1537 863 1620 ἡ
883 1533 921 1602 δὲ
939 1536 1084 1625 ὑπεροχὴ
1104 1529 1146 1603 Μ
1157 1542 1192 1624 μ.
1256 1539 1257 1548 ’

171 1643 283 1730 εὑρεῖν
306 1645 384 1722 τοὺς
406 1643 581 1729 ἀραδμούς.

244 1751 400 1835 Τετάχδω
438 1750 455 1816 6
493 1751 643 1816 ἐλάσσων
680 1758 756 1818 βᾶ
794 1748 865 1814 δ”
845 1773 909 1835 αρα
946 1754 1067 1864 μείζων
1101 1755 1195 1819 ἔσται

172 1847 302 1923 so‘cM
285 1878 321 1943 μ
346 1858 630 1943 συναμφότεροι”
610 1880 674 1939 αρα
692 1858 843 1939 γίνονται
862 1842 912 1940 5β
926 1845 992 1920 Μ
976 1877 1011 1939 μ
1036 1856 1193 1924 δέδονται

134 1995 159 2035 ιι
174 1962 212 2030 δὲ
234 1952 304 2029 M
288 1990 317 2049 ρ

417 2055 948 2155 ΜάραρίσαιείσλνββΜμ.

172 2211 227 2280 καὶ
250 2211 314 2278 άπὸ
339 2213 418 2297 ὁμοί
417 2235 464 2277 ων
488 2209 595 2294 δμοια.
642 2209 772 2296 ἀφαιρῶ
801 2210 865 2277 ἀπὸ
889 2223 956 2277 τῶν
979 2235 1010 2297 ρ,
1025 2197 1094 2276 Μ
1073 2237 1109 2297 μ,
1125 2211 1193 2300 [καί

172 2319 280 2402 <άπὸ>
314 2329 381 2383 τῶν
408 2303 429 2402 β
460 2316 615 2402 ἀριθμῶν
648 2315 703 2382 καὶ
734 2328 801 2382 τῶν
828 2343 852 2402 μ
879 2319 1036 2403 μονάδων
1069 2318 1194 2404 ὁμοίως

173 2425 320 2509 μονάδας
345 2428 396 2524 μ]
431 2420 540 2490 λοιποὶ
563 2427 618 2507 5β
639 2429 705 2489 ίσοι
724 2410 803 2502 ME.
842 2423 978 2501 ἕκαστος
1008 2425 1072 2511 ἄρα
1104 2430 1192 2508 γί-νε

135 2560 161 2600 εο
174 2555 228 2596 ται
251 2547 292 2614 5,
296 2518 341 2595 M
350 2518 376 2596 6.

240 2635 293 2702 ἐπὶ
315 2638 373 2714 τας
394 2637 600 2714 ὑποστάσεις.
643 2639 733 2702 ἔσται
757 2635 775 2701 6
799 2631 860 2720 μὲν
883 2636 1032 2701 ἐλάσσων
1056 2623 1100 2701 M
1110 2622 1145 2722 6,
1172 2638 1191 2704 6

174 2741 211 2810 δὲ
234 2747 353 2829 μείζων
376 2731 421 2807 M
430 2752 459 2825 ὁ,
483 2740 538 2808 καὶ
561 2742 581 2826 ἡ
606 2741 772 2820 ἀπόδειξις
794 2742 932 2827 φανερά.

667 2958 697 3038 β.

246 3081 313 3145 Ίὺν
331 3077 549 3164 ἐπιταχθέντα
568 3078 715 3162 ἀριθμὸν
734 3080 788 3143 δεῖ
804 3037 927 3144 διελεῖν
949 3081 995 3156 είς
1014 3079 1075 3143 δύο
1094 3077 1251 3166 άρτδ

136 3214 162 3254 τι
175 3188 257 3270 μοὺς
280 3185 316 3251 ἐν
341 3189 428 3274 λόγω
452 3194 496 3275 τῷ
522 3184 666 3251 δοθέντι.

237 3289 459 3377 Ἐπιτετάχθω
484 3293 525 3375 δη
553 3294 612 3357 τὸν
635 3293 651 3370 ξ
676 3293 849 3357 διελεῖνί
817 3315 864 3368 ες
883 3293 945 3357 δύο
968 3291 1190 3377 άριδμοὺςέν

174 3402 305 3483 λόγω
286 3407 326 3483 yn
327 3396 360 3464 δ’.

247 3589 629 3660 1αὑτδιΑΒα,αὑτοὺςΒ.
692 3590 849 3659 δδιαιρεῖν
869 3591 900 3658 Α,
920 3587 1071 3661 διαιρέσεις
1089 3589 1120 3643 Β.
1173 3595 1191 3643 4
