2552 3980
269 159 600 211 ARITHMETICORUM
619 160 729 210 LIBER
747 158 915 222 QUINTUS.
1035 156 1100 221 389

27 325 28 354 ³
75 319 162 386 meri.
209 319 394 386 Deducitur
412 342 464 385 res
490 320 530 384 ad
553 319 782 384 inveniendum
805 318 967 404 quendam
989 341 1100 386 nume·

76 449 146 491 rum
180 426 273 492 ouius
306 426 482 511 quadratus
514 426 589 511 plus
623 427 680 512 60,
718 426 840 492 divisus
873 448 931 510 per
964 426 1100 511 duplum

75 533 178 618 ipsius
201 533 340 618 numeri,
363 533 564 618 quotientem
582 533 683 599 faeiat
707 533 863 598 maiorem
883 555 980 618 quam
1001 534 1041 599 11
1067 538 1101 599 et

76 640 237 705 minorem
261 662 359 724 quern
385 641 435 705 12.

142 744 179 812 Si
213 747 396 830 quaesitum
424 767 596 810 numerum
623 744 777 830 ponimus
805 766 876 810 esse
903 766 939 830 x,
970 749 1100 830 oportet
1147 801 1153 816 .

75 849 124 939 (ω’
140 853 182 933 -Ι-
199 849 268 939 60),
287 843 426 917 divisum
447 873 506 937 per
520 852 577 930 re,
596 851 797 935 quotientem
816 850 924 916 faeere
942 853 1100 918 maiorem

74 982 173 1045 quam
198 960 250 1024 11.
296 958 386 1044 Ergo
411 958 507 1023 debet
534 980 605 1024 esse
627 955 662 1024 ω’
678 960 718 1040 -Ι-
735 959 926 1043 60>22e3
953 960 1006 1024 vel
1030 960 1100 1024 2220

74 1069 261 1150 aequantur
282 1062 317 1130 ω’
339 1064 413 1148 plus
436 1087 572 1129 numero
597 1065 722 1130 minore
747 1086 844 1149 quam
868 1067 921 1131 60.
964 1064 1055 1152 Ergo
1078 1087 1100 1132 x

72 1194 140 1237 non
165 1172 265 1237 debet
287 1193 358 1236 esse
381 1172 488 1237 minor
512 1194 610 1256 quam
636 1172 686 1237 19.

141 1277 270 1343 Rursus
300 1281 432 1364 oportet
456 1275 506 1365 (ff
522 1281 561 1360 -Ι-
579 1275 653 1365 60),
681 1279 820 1344 divisum
849 1300 907 1362 per
930 1281 993 1366 re,
1022 1303 1099 1366 quo-

71 1388 213 1452 tientem
240 1385 346 1451 facere
375 1386 534 1450 minorem
563 1407 662 1469 quem
689 1385 739 1450 12.
783 1384 875 1471 Ergo
903 1386 999 1452 debet
1027 1409 1098 1452 esse

70 1491 107 1558 ,τὶ
123 1494 166 1574 -Ι-
183 1492 228 1557 60
243 1493 375 1575 (242,
404 1493 455 1558 vel
483 1491 554 1556 24o
582 1496 764 1576 aequantur
793 1489 828 1558 ω’
854 1492 930 1577 pluo
962 1515 1097 1558 numero

12 1647 13 1650 ,
71 1600 199 1664 maiore
219 1622 316 1684 quem
335 1600 387 1665 60.
425 1598 515 1683 Ergo
533 1619 556 1664 x
574 1598 670 1663 debet
690 1621 760 1664 esse
781 1600 887 1663 minor
901 1621 997 1683 quam
1012 1600 1064 1664 21.
1072 1597 1097 1684 ¹)

72 1704 137 1771 Sed
163 1705 268 1771 maior
291 1709 342 1771 est
366 1728 463 1790 quam
490 1706 546 1788 193
571 1709 642 1770 esto
666 1727 688 1771 o
702 1737 744 1759 =
760 1707 812 1771 20.

141 1813 207 1897 Ito,
238 1813 406 1897 aequando
434 1810 471 1877 πῖ
487 1848 524 1860 -
547 1813 590 1878 60
606 1843 647 1865 =
669 1816 716 1897 U,
746 1816 877 1899 oportet
905 1833 1025 1898 ponere
1055 1810 1098 1876 [Ρ

69 1920 216 1986 redicem
236 1949 278 1973 --
292 1939 315 1984 x
329 1957 371 1966 —-
386 1920 440 1986 20.
483 1919 530 1986 Et
552 1920 718 1986 invenitur

360 2044 815 2156 ωεηῂψεηῆ.

142 2221 308 2287 Subtraho
337 2222 394 2308 603
421 2226 569 2288 romanet
593 2204 684 2315 72}
730 2221 871 2306 Oportet
899 2223 1001 2308 igitur
1023 2246 1095 2310 por·

68 2348 127 2413 tiri
155 2326 233 2440 72}
254 2345 288 2409 in
312 2346 392 2411 duos
415 2369 567 2412 numeros
590 2347 674 2412 tales
698 2351 735 2411 ut

376 2475 787 2613 }K÷}K=ss÷

67 2902 151 2967 ergo

416 2973 751 3109 gm=n}-e

145 3200 172 3267 1)
192 3196 351 3252 Secundum
370 3213 494 3252 errorem
513 3211 598 3266 supra
616 3199 785 3264 correctum,
811 3198 968 3254 debebatur
985 3197 1032 3251 hio
1051 3196 1093 3250 in-

65 3267 162 3324 veniri
181 3275 224 3323 23.
263 3267 380 3324 Oodioeo
398 3268 472 3323 falso
491 3284 638 3348 numerum
657 3274 691 3322 26
710 3266 847 3324 indicant.

66 3386 1089 3398 ...ff—ffl-

65 3468 170 3536 μείζων
194 3449 254 3517 ΜΞ
275 3465 337 3533 AB,
365 3480 419 3519 om.
442 3464 497 3519 Bo.
609 3467 641 3515 18
662 3464 726 3530 Ue]
749 3463 924 3534 τετράγωνον
947 3466 1001 3521 Βα.

65 3544 101 3593 23
123 3533 228 3605 ὀγδόου
248 3535 338 3605 suppl.
358 3537 412 3590 Ba.
