2552 3980
286 195 618 248 ΑΒΙΤΗΜΕΤΙΟΟΒΠΜ
635 195 745 246 LIBER
763 195 931 258 QUINTUS.
1051 192 1115 257 367

165 391 219 456 Ita
243 391 408 475 oportebit
425 393 553 456 illarum
575 413 843 477 unamquamque,
866 392 973 457 minus
997 359 1050 497 δὲ,
1069 392 1116 456 fa·

94 574 169 619 aere
200 555 241 617 U.
294 551 385 638 Ergo
414 573 540 616 summa
567 551 676 636 trium,
708 551 817 616 minus
840 519 893 657 ἐ,
924 550 1005 616 faoit
1033 574 1116 617 sum·

93 717 183 760 mam
211 695 310 759 trium
339 695 569 779 quadratorum
597 697 643 774 et,
673 693 844 778 unicuique
872 694 1031 779 quadrato
1062 694 1115 758 ad·

94 838 201 903 dendo
222 804 276 942 ὲ,

163 996 237 1063 Hoo
259 999 309 1062 est
331 995 440 1079 faoile3
464 992 626 1082 devenit¹)
652 1016 769 1080 nempe
793 995 834 1060 ad
855 962 892 1102 ἓ
910 995 1116 1082 partiendum

299 836 483 901 invenietur
506 835 726 920 unusquisque
751 835 983 920 quaesitorum.

94 1124 132 1188 in
154 1126 223 1188 tres
247 1121 432 1206 quadratos,
455 1120 542 1204 quod
565 1119 659 1185 facile
684 1123 742 1185 est.

560 1401 648 1468 XXI.
679 1435 682 1444 ⁴

166 1528 317 1596 Invenire
344 1531 412 1592 tres
441 1525 615 1611 quadratos
644 1548 781 1611 quorum
809 1527 910 1593 trium
938 1528 1116 1612 productus
1137 1546 1169 1594 24

94 1637 171 1723 plus
195 1656 391 1720 unoquoque
414 1633 516 1701 faciat
540 1633 741 1717 quadratum.

163 1744 310 1809 Ponatur
336 1741 437 1806 trium
464 1740 644 1825 productus
668 1761 739 1804 esse
762 1737 811 1824 πῆ
841 1740 1026 1826 quaerimus
1050 1744 1116 1805 tres

95 1851 273 1938 quadratos
297 1870 434 1933 quorum
457 1847 689 1932 unusquisque,
712 1847 786 1931 plus
812 1848 839 1928 1,
862 1846 963 1912 iaciat
986 1850 1027 1912 U.

164 1957 302 2038 Hoolfit
330 1955 371 2020 ab
396 1954 486 2019 omni
511 1954 677 2038 triangulo
700 1950 932 2040 reetangulo.²)
979 1952 1117 2038 Expono

96 2065 163 2131 tria
190 2062 356 2149 triangula
385 2061 588 2148 reetangula‚
621 2065 655 2124 et
686 2083 816 2126 sumens
849 2061 1042 2146 quadratum
1076 2060 1116 2125 ab

95 2193 163 2238 una
189 2169 461 2255 perpendiculari,
489 2189 561 2233 eum
591 2167 699 2232 divido
727 2189 786 2253 per
817 2167 1011 2252 quadratum
1039 2169 1116 2233 alte·

94 2280 164 2344 rius
189 2274 476 2362 perpendicularis3
503 2275 550 2340 sio
571 2274 772 2344 inveniemus
797 2274 983 2359 quadratos,

409 2437 425 2486 e
471 2467 483 2506 a
552 2437 586 2485 as
633 2467 644 2504 2
712 2437 747 2487 or

399 2491 470 2535 -ίΰ

401 2525 434 2575 ro
484 2521 492 2553 ²
542 2491 654 2574 ma,
702 2468 809 2576 a'a's‘ff’

96 2674 132 2735 et
155 2670 285 2733 constat
306 2667 424 2732 horum
447 2686 708 2750 unumquemque
731 2665 804 2749 plus
827 2662 863 2729 ,τ’
886 2665 991 2729 facere
1018 2667 1059 2728 U.

170 3130 199 3198 2)
214 3127 258 3182 Sit
271 3089 450 3196 triangulum¹
460 3123 657 3193 reetangulum
670 3141 696 3180 a.
716 3125 741 3181 b.
760 3140 786 3191 o,
800 3139 902 3193 nempe
916 3123 986 3178 a'=
997 3121 1026 3179 b'
1036 3124 1068 3192 †
1080 3121 1116 3176 ε’.

94 3200 280 3256 Manifestum
299 3200 343 3252 est

411 3353 415 3362 ,
447 3265 769 3412 pagum.

169 3464 349 3535 Diophantus
369 3461 456 3518 sumit
473 3462 631 3532 triangula:

340 3577 364 3626 ὅ.
384 3575 409 3625 4.
430 3577 461 3637 3;
519 3576 559 3627 13.
582 3576 622 3627 12.
643 3576 673 3637 ὃς
730 3574 770 3624 1Ἷ.
792 3572 833 3622 15.
853 3573 878 3622 8.
