2536 3970
311 943 620 1019 ΔΙΟΦΑΝΤΟΥ
645 943 1036 1027 ΑΛΕΞΑΝΔΡΕΩΣ

494 1171 497 1176 ι
522 1097 777 1152 mmmm
795 1101 826 1151 A.

237 1330 305 1412 Την
333 1329 466 1415 εὕρεσιν
493 1341 559 1394 τῶν
588 1328 624 1394 ἐν
650 1341 720 1406 τοῖς
747 1329 904 1416 ἀριθμοῖς
926 1331 1184 1418 προβλημάτων,

164 1432 340 1518 τιμιώτατέ
351 1458 407 1518 μοι
422 1435 594 1520 Διονύσιε,
618 1437 791 1518 γινώσκων
806 1452 842 1501 σε
857 1439 1048 1514 σπουδαίως
1062 1439 1182 1522 ἔχοντα

137 1547 303 1624 εμαθεϊν,
336 1541 539 1627 [ὀργανώσαι
570 1543 631 1625 την
659 1540 820 1626 μέθοδον]
850 1542 1049 1630 ἐπειράθην,
1082 1544 1182 1631 ἀρξώ-

163 1671 262 1732 μενος
286 1643 342 1732 ἀφ’
366 1641 413 1712 ὧν
437 1647 615 1732 συνέστηκε
637 1650 678 1712 τὰ
700 1649 874 1734 πράγματα
897 1655 1075 1734 θεμελίων,
1098 1651 1181 1718 ὑπο-

163 1763 280 1838 στῆσαι
302 1755 365 1838 τὴν
388 1753 424 1819 έν
446 1766 517 1831 τοῖς
540 1754 699 1839 ἀριθμοῖς
721 1756 827 1840 φύσιν
849 1779 885 1820 τε
908 1754 963 1821 καὶ
987 1758 1141 1841 δύναμιν.

220 1859 317 1938 Ἴσως
349 1857 410 1946 μὲν
443 1856 506 1926 οὖν
538 1864 633 1927 δοκεῖ
662 1863 699 1926 τὸ
736 1871 870 1947 πρᾶγμα
908 1862 1179 1949 δυσχερέστερον,

162 1965 275 2050 ἐπειδὴ
313 1970 409 2050 μήπω
442 1969 611 2050 γνώριμόν
648 1965 754 2048 ἐστιν,
791 1966 1004 2034 δυσέλπιστοι
1037 1972 1099 2055 γὰρ
1133 1972 1181 2046 είς

122 2097 147 2136 10
161 2075 374 2154 κατόρθωσίν
403 2075 488 2137 εἰσιν
511 2074 548 2136 αί
573 2083 639 2136 τῶν
669 2069 862 2158 ἀρχομένων
885 2078 1004 2160 ψυχαί,
1032 2076 1120 2159 ὅμως
1144 2074 1176 2141 δ’

161 2177 409 2261 εύκατνίληπτόν
437 2195 489 2244 σοι
517 2181 704 2262 γενήσεται,
737 2180 792 2244 διώ
819 2203 854 2244 τε
877 2180 938 2262 τὴν
963 2183 1026 2265 σὴν
1049 2189 1178 2265 προθυ-

161 2288 241 2368 μίαν
263 2281 319 2348 καὶ
341 2286 403 2369 τὴν
426 2284 509 2369 ἐμὴν
529 2283 711 2363 ἀπόδειξιν·
735 2296 846 2369 ταχεῖα
870 2287 933 2371 γὰρ
957 2289 1004 2363 είς
1026 2287 1178 2372 μώθησιν

161 2389 320 2474 ἐπιθυμία
343 2394 579 2474 προσλαβοῦσα
603 2393 754 2476 διδαχην.

224 2494 322 2564 Ἀλίδι
344 2496 400 2562 καὶ
423 2499 506 2584 πρὸς
528 2500 640 2563 τοῖσδε
664 2499 865 2580 γινώσκοντί
881 2514 934 2563 σοι
957 2500 1083 2575 πάντας
1100 2502 1181 2577 τοὺς

122 2626 146 2666 ιε
161 2603 326 2690 ἀριθμοὺς
364 2602 600 2689 συγκειμένους
635 2603 671 2669 ἐκ
703 2603 859 2687 μονάδων
892 2607 1044 2688 πλήθους
1076 2610 1179 2691 τινός,

159 2713 308 2797 φανερὸν
339 2711 544 2795 καθέστηκεν
576 2714 623 2788 είς
650 2712 789 2796 ίίπειρον
817 2713 904 2796 ἔχειν
932 2712 993 2795 τὴν
1024 2711 1178 2795 ὕπαρξιν.

158 2820 391 2903 τυγχανόντων
415 2817 457 2899 δη
481 2812 543 2882 οὖν
567 2816 603 2882 έν
626 2819 757 2893 τούτοις

143 2939 145 2943 “
225 2917 272 2989 ὧν
296 2920 357 3007 μὲν
379 2925 607 3009 τετραγώνων,
631 2924 666 2989 οἵ
681 2926 768 2988 είσιν
786 2922 819 3002 ἐξ
839 2923 988 3007 ἀριθμοῦ
1006 2947 1097 3000 τινος
1117 2922 1172 3010 ἐφ’

158 3028 277 3096 έαυτὸν
299 3027 661 3106 πολυπλασιασθέντος·
687 3025 784 3106 οὗτος
802 3026 839 3094 δὲ
859 3030 1044 3114 ὁώριθμὸς
1066 3037 1176 3096 καίετ-

118 3157 144 3197 20
158 3161 211 3201 ται
234 3137 383 3220 πλευρὰ
406 3146 476 3202 τοῦ
497 3138 761 3222 τετραγώνου·

224 3237 273 3307 ών
296 3238 333 3307 δὲ
355 3245 480 3328 κύβων,
503 3244 538 3308 οἵ
559 3246 643 3308 εἰσιν
668 3243 703 3308 έκ
726 3245 943 3325 τετραγώνων
962 3242 1016 3308 ἐπὶ
1038 3245 1096 3320 τὰς
1114 3244 1174 3309 αύ-

157 3360 223 3414 τών
246 3349 390 3435 πλευρὰς
413 3347 790 3431 πολυπίασιασθέντων,

229 3512 296 3559 1-2
316 3499 510 3561 Titulum'om.
525 3505 578 3561 Βα.
653 3511 669 3558 5
688 3505 846 3574 δργανώσαι
863 3504 914 3574 τὴν
929 3503 1055 3574 μέθοδον
1070 3521 1124 3560 om.
1140 3509 1173 3560 A.

192 3584 207 3631 9
228 3572 302 3631 ἐστιν
320 3576 351 3629 in
369 3577 514 3646 compend.
534 3576 566 3643 A,
587 3570 645 3629 ἔστι
662 3575 693 3629 B.
801 3581 831 3628 11
852 3594 882 3629 τε
902 3592 956 3630 om.
977 3577 1031 3631 Ba.
1138 3583 1173 3632 19
