2552 3962
163 187 229 252 184
516 186 774 242 ΑΡιοΜΗΤΙΚοΝ
792 187 824 238 Γ.

164 356 237 426 ίσας
260 351 377 435 ἔχοντα
398 350 456 426 τὰς
478 348 730 425 ὑποτεινοώσας·
754 350 791 413 τὸ
816 343 847 412 δ’
874 345 956 411 αὐτό
978 343 1048 410 ἐστι
1070 345 1183 432 τετρά-
1268 329 1269 352 ³

163 458 274 538 γωνόν
301 479 377 520 τινα
405 457 528 522 διελεῖν
552 457 599 532 είς
628 456 690 520 δύο
713 454 943 541 τετραγώνους
966 452 1183 539 <τετραχῶς>,

163 561 219 627 καὶ
247 561 417 647 ἐμάθομεν
444 565 504 628 τὸν
532 560 677 628 δοθέντα
706 565 766 626 [1⁰⁷
794 561 917 626 διελεῖν
947 560 995 638 είς
1023 559 1086 626 δύο
1111 563 1184 624 Um

162 668 354 756 ἀπειραχῶς.

136 809 150 850 ⁵
231 798 310 860 Νῦν
338 787 401 859 οὖν
429 789 608 875 ἐκθώμεθα
635 790 698 856 δύο
727 792 873 876 τρίγωνα
901 788 1095 876 ὀρθογώνια
1118 788 1184 855 ὑπὸ

167 899 348 985 ἐλαχίστων
366 897 533 982 ἀριθμῶν,
557 887 631 962 οἷον
648 905 681 981 γ,
700 897 732 980 δ,
749 906 780 961 ἓ·
803 905 833 980 ἓ,
852 881 898 981 ᾧ,
916 898 961 980 ῖγ.
993 893 1049 962 καὶ
1061 900 1184 961 ιιολλα-

168 1009 354 1071 ιτλασίασον
381 1003 520 1070 ἕκαστον
546 1013 614 1068 τῶν
646 1000 844 1086 ἐκκειμένων
876 999 930 1067 ἐντὶ
961 1004 1022 1087 τὴν
1054 1002 1187 1068 ὑποτεί-

165 1128 293 1177 νουσαν
320 1118 380 1176 τοῦ
413 1107 544 1196 ἑτέρου,
573 1106 629 1175 καὶ
657 1112 747 1175 ἐσται
774 1111 812 1174 τὸ
840 1105 902 1194 μὲν
930 1120 977 1174 02⁰⁷
1009 1112 1188 1195 τρίγωνον,

165 1202 224 1303 ᾗ,
246 1204 300 1301 ἦ,
323 1202 370 1295 ξ-ε·
393 1217 431 1282 τὸ
456 1211 493 1281 δὲ
515 1218 564 1299 βθῖ
586 1217 635 1300 τῖε,
658 1215 687 1300 ξ,
709 1202 755 1294 ξἐἶ
798 1212 854 1281 καὶ
878 1217 968 1280 ἐστιν
991 1215 1188 1302 ὀρθογώνια

125 1341 152 1381 10
167 1331 240 1402 ίσας
263 1326 380 1409 ἔχοντα
402 1323 459 1400 τδις
482 1322 728 1399 ὑποτεινούσας.

233 1451 281 1514 ἐτι
313 1444 351 1513 δὲ
382 1457 531 1532 φυσικῶς
563 1445 581 1511 ὀ
616 1446 649 1525 ξε
678 1448 855 1533 διαιρεῖται
882 1447 930 1525 είς
957 1448 1188 1533 τετραγώνους

166 1559 276 1642 διχῶς,
299 1560 347 1630 είς
368 1577 403 1620 τε
426 1555 485 1620 τὸν
509 1556 543 1622 a?
564 1550 702 1618 καὶτὸν
719 1541 783 1639 μθ,
806 1553 890 1620 ἀλλὰ
909 1555 975 1638 μὴν
993 1551 1049 1619 καὶ
1067 1557 1129 1620 τὸν
1149 1540 1189 1634 ἷδ

124 1685 126 1688 ·
165 1659 221 1728 καὶ
242 1663 305 1746 τὴν
327 1649 376 1725 M.
426 1669 524 1726 τοῦτο
558 1655 596 1723 δέ
629 1662 804 1744 συμβαίνει
834 1657 905 1726 ἐπεὶ
934 1659 952 1726 ὁ
980 1646 1022 1739 ξε
1042 1659 1189 1746 ἀριθμὸς

166 1766 350 1855 ιιεριέχεται
367 1766 433 1831 ὑπὸ
450 1776 512 1832 τοῦ
530 1769 566 1849 ἦ
585 1763 640 1830 καὶ
658 1776 718 1833 τοῦ
735 1776 764 1852 ἒ,
787 1761 835 1832 ὧν
856 1767 992 1844 ἕκαστος
1010 1769 1188 1854 διαιρεῖται

127 1891 152 1931 1⁵
166 1877 214 1952 είς
238 1875 300 1940 δύο
323 1873 560 1959 τετραγώνους.

234 2007 299 2063 νῦν
326 2007 394 2062 τῶν
416 1993 625 2080 ἐκκειμένων,
649 2005 709 2061 τοῦ
732 2019 767 2096 τε
790 1979 841 2080 ’μθ
857 1992 919 2095 καὶ
941 2006 1003 2063 τοῦ
1024 2002 1075 2082 ι’ς,
1106 2003 1187 2084 λαμ-

167 2103 259 2188 βάνω
287 2103 345 2178 τὰς
371 2102 528 2188 ιιλευριίς·
557 2099 642 2167 είσὶν
673 2099 710 2168 δέ
735 2099 828 2181 ζκαὶ
851 2104 887 2188 δ,
910 2102 965 2168 καὶ
987 2105 1125 2204 ιτλάσσω
1149 2108 1186 2172 τὸ
1247 2149 1257 2160 «

166 2213 332 2307 τρίγωνον
362 2209 575 2308 ὀρθογώνιον
598 2208 662 2308 ἀτό
686 2209 841 2296 ἀριθμῶν
866 2209 928 2275 δύο
950 2219 1011 2276 τοῦ
1034 2233 1069 2276 τε
1095 2210 1188 2290 ζκαὶ

167 2324 228 2380 τοῦ
252 2315 273 2378 δ
295 2310 351 2378 καὶ
374 2316 442 2379 ἐστι
465 2320 517 2398 λγ,
541 2317 593 2399 νζ,
616 2314 659 2393 ξε.

127 2440 154 2480 ²⁰
236 2437 357 2523 δμοίως
388 2435 444 2503 καί
477 2446 537 2505 τοῦ
565 2422 607 2518 ξδ’
631 2437 688 2505 καί
713 2447 772 2524 τῆς
794 2427 834 2504 [ὀί
856 2440 894 2504 αί
918 2438 1061 2528 πλευραὶ
1087 2451 1110 2524 ἦ
1133 2441 1188 2508 καὶ

168 2555 201 2629 α,
223 2541 279 2610 καὶ
300 2544 436 2610 ιιλάσσω
455 2543 645 2647 πάλιν-ἀντ’-
655 2545 765 2611 αὐτῶν
786 2546 998 2632 ὀρθογώνιον
1021 2549 1189 2634 τρίγωνον

168 2647 209 2717 οὗ
232 2650 271 2716 αί
290 2649 431 2739 πλευραὶ
452 2654 498 2736 ss,
522 2653 572 2738 ξγ,
594 2653 637 2732 ξε.

236 2774 303 2842 Καὶ
316 2781 444 2862 γίνεται
456 2775 599 2864 τέσσαρα
614 2779 761 2864 τρίγωνα
776 2777 968 2863 ὀρθογώνια
983 2784 1056 2855 ίσας
1070 2781 1187 2865 ἔχοντα
1263 2863 1264 2872 ¹

168 2884 226 2962 τὰς
253 2884 503 2960 ὑποτεινούσας·
535 2882 647 2949 ἐλθὼν
674 2878 737 2949 οὖν
765 2882 819 2949 ἐντὶ
845 2885 882 2950 τό
910 2884 944 2964 ἐξ
977 2884 1080 2972 ἀρχῆς
1108 2889 1187 2972 τρό-

130 3007 157 3048 25
170 2994 291 3075 βλημα,
316 2991 426 3055 τάσσω
448 2991 509 3055 τὸν
531 2987 592 3074 μὲν
616 2992 834 3075 συγκείμενον
857 2990 893 3056 ἐκ
916 3001 983 3057 τῶν
1006 2993 1187 3079 τεσσάρων,

169 3080 245 3181 εἶτ,
273 3094 411 3161 ἕκαστον
435 3091 473 3160 δὲ
496 3097 622 3161 τούτων
645 3106 713 3163 τῶν
735 3096 999 3183 τεσσοίρων,Λἴ
1017 3099 1187 3164 τοσούτων
1262 3089 1263 3122 ὀ

243 3344 258 3393 2
278 3338 330 3394 δίο
349 3340 404 3410 Βα,
423 3336 559 3412 τέσσαρας
576 3341 636 3394 AB.
691 3349 828 3411 τετραχῶς
846 3341 977 3432 supplevi
994 3357 1046 3411 pro
1065 3359 1122 3410 quo
1141 3343 1187 3397 Βιι

170 3409 298 3480 τετράκις
314 3413 380 3481 post
398 3413 509 3468 διελεῖν.
574 3409 744 3484 8τρίγωνον
762 3413 817 3480 Βα,
835 3420 876 3472 U
908 3412 942 3481 A,
960 3411 1138 3482 τετράγωνον
1157 3414 1187 3469 Β.

207 3481 274 3538 9δδ
294 3499 347 3539 om.
362 3483 447 3539 ABa.
522 3489 554 3538 11
575 3483 615 3547 είς
633 3484 684 3539 δύο
699 3485 753 3540 Βιι.
829 3491 861 3539 17
881 3481 984 3539 είολΒ.
1057 3485 1089 3539 τὸ
1104 3483 1187 3554 Alia,

170 3553 220 3607 τὸν
238 3553 270 3608 Β.
344 3561 376 3609 19
396 3563 445 3609 τοῦ
464 3554 548 3622 ΑΒιι,
568 3571 621 3610 om.
641 3554 673 3610 B.
