2536 3970
119 185 160 240 IV
519 187 730 240 PRAEFATIO.

122 347 204 413 dicis
237 347 372 412 alterius
405 346 550 412 familiae
582 345 640 434 (B)
672 347 991 432 praestantissimum
1022 345 1136 413 Matri·

121 459 247 520 tensem
281 476 353 521 sero
385 455 433 520 ita
461 459 611 520 exactum
643 454 743 520 fuisse
774 458 811 520 ut
844 454 1018 540 aliquando
1045 454 1137 538 prior

122 563 285 645 scriptura
306 562 359 626 vel
388 559 534 626 funditus
563 582 657 626 erasa
688 561 806 626 situel
835 561 966 626 omnino
989 561 1056 647 legi
1083 583 1137 625 ne-

123 672 232 753 queat:
256 672 334 733 tunc
357 688 435 752 ergo
460 667 659 733 invocandus
689 671 761 733 erat
783 667 1025 732 vetustissimus
1049 667 1136 732 illius

121 774 241 840 codicis
257 776 286 838 A
301 773 520 859 apographus,
539 795 635 858 quem
650 774 774 838 iamdiu
794 774 906 839 scdulo
926 774 1137 839 contuleram.

210 881 372 966 Xyloudrc'
398 880 626 965 interpretatio
654 880 771 965 latina,
803 902 885 964 quae
912 881 1018 964 prima
1045 879 1137 945 Basi-

123 987 202 1071 leae,
228 987 322 1071 1575,
345 986 476 1070 prodiit,
498 986 552 1052 vix
576 986 656 1050 mihi
678 1009 740 1050 usu
762 985 840 1072 fuit3
863 984 1135 1071 Guelferbytanus

121 1092 222 1158 codex
246 1092 413 1158 Gudianus
441 1095 473 1176 1,
501 1115 524 1157 s.
548 1091 621 1176 XV,
650 1114 746 1178 quem
774 1092 810 1156 in
836 1096 991 1177 promptu
1013 1090 1136 1175 Xylan·

121 1199 214 1265 drum
241 1200 395 1265 habuisse
424 1199 504 1264 mihi
532 1221 723 1283 persuasum
753 1202 817 1282 661,
848 1199 901 1264 vel
929 1221 946 1263 c
969 1197 1135 1264 Marciano

27 1302 30 1307 ’
121 1304 162 1390 B1
187 1306 368 1391 descriptus
391 1306 468 1390 fuit,
498 1306 550 1370 vel
575 1329 592 1372 e
616 1306 785 1371 simillimo
810 1305 949 1390 quodam
972 1327 1059 1370 nuuc
1083 1305 1140 1371 de.

120 1412 259 1496 perdito,
283 1413 373 1478 cuius
397 1413 507 1478 decem
529 1411 611 1476 folia
634 1411 675 1497 (s.
695 1409 786 1497 XIV)
815 1415 944 1478 tantum
968 1412 1059 1477 salva
1083 1432 1136 1475 ex-

121 1523 212 1584 stant
234 1519 270 1583 in
293 1519 512 1584 Ambrosiano
535 1519 581 1583 Et
605 1541 674 1602 sup.
701 1518 772 1584 151.

209 1626 316 1690 Auria
338 1622 589 1709 Neapolitanus,
619 1648 643 1689 6.
666 1623 746 1689 XVI
770 1628 920 1706 exeunte,
947 1624 1135 1709 Xylandrea

120 1731 392 1816 interpretatione
432 1735 465 1796 et
501 1731 608 1796 tribus
646 1731 815 1796 Vaticanis
855 1731 1020 1797 codicibus
1057 1753 1135 1796 usus

121 1834 212 1923 (191,
235 1838 309 1921 304,
332 1835 428 1923 200),
461 1841 586 1903 textum
619 1859 773 1923 graecum
804 1838 957 1904 conflavit
983 1839 1018 1902 in
1045 1837 1135 1904 Pari-

121 1944 191 2008 sino
215 1944 304 2010 2380
337 1948 370 2008 61
396 1944 616 2009 Ambrosiano
639 1943 668 2008 Ε
693 1943 714 2008 5
738 1966 807 2028 sup.
836 1950 1014 2030 servatum3
1047 1944 1134 2010 haud

119 2071 194 2114 raro
217 2049 322 2114 Marte
354 2051 487 2134 proprio
520 2050 654 2115 lacunas
688 2049 865 2133 supplerit,
898 2050 1133 2136 mendososque

119 2156 210 2220 locos
239 2157 382 2240 sanavit,
409 2178 493 2240 quae
521 2157 630 2220 omnia
658 2155 767 2220 fucum
796 2156 1000 2240 antiquitatis
1028 2157 1133 2222 faeere

119 2283 187 2326 non
215 2262 341 2326 debent.
388 2260 450 2325 Sed
480 2261 555 2346 viri,
585 2261 832 2327 mathematicos
860 2261 945 2327 haud
973 2263 1134 2349 inexperti

120 2368 310 2453 graecisque
335 2368 439 2432 literis
464 2368 596 2450 cruditi,
623 2368 803 2433 tentamina
829 2391 897 2435 non
925 2392 1058 2455 prorsus
1083 2369 1134 2434 dc·

120 2473 285 2558 spicienda
309 2479 414 2558 crant3
443 2473 600 2557 quaedam
624 2497 662 2539 cx
685 2475 750 2540 illis
775 2475 885 2560 attuli,
914 2497 987 2540 cum
1010 2473 1134 2540 Bechc-

119 2580 218 2646 tianis
248 2580 476 2665 comparanda.
522 2578 635 2656 Quoad
668 2581 851 2665 praedictos
875 2580 1054 2647 Vaticanos
1083 2601 1134 2645 co·

119 2687 214 2771 dices,
238 2687 276 2751 de
295 2708 326 2751 n.
348 2685 421 2770 191,
439 2685 529 2750 cuius
548 2708 579 2749 n.
593 2687 659 2752 304
677 2683 717 2770 (s.
731 2684 825 2772 XVI)
845 2685 1053 2770 apographus
1072 2691 1132 2770 est,

118 2794 184 2857 iam
214 2793 413 2858 mentionem
442 2791 555 2876 intuli3
586 2815 616 2858 n.
636 2793 703 2857 200
726 2815 764 2857 ex
792 2792 1010 2857 Ambrosiano
1035 2792 1065 2857 A
1089 2793 1130 2857 91

120 2921 198 2984 sup,
222 2900 277 2963 ille
301 2897 403 2982 611Β1
429 2899 609 2983 descriptus
633 2903 683 2963 cst
706 2918 792 2964 anno
818 2898 910 2963 1545.

210 3003 361 3071 Codicem
393 3005 545 3090 Regium,
576 3026 662 3070 nunc
694 3005 879 3070 Parisinum
907 3006 1009 3089 2379,
1041 3005 1132 3070 cuius
1257 2985 1266 3026 ‘¹

120 3134 182 3197 ope
204 3110 367 3177 Bachetus
392 3133 485 3177 suam
509 3111 684 3176 editionem
704 3111 883 3194 adornavit,
906 3111 1045 3177 Ioannes
1064 3111 1133 3196 Hy-

120 3217 290 3284 druntinus
321 3223 397 3302 post
424 3240 544 3283 annum
570 3218 656 3284 1545
684 3218 912 3303 descripserat,
935 3217 1132 3284 Vaticanum

121 3346 169 3410 gr.
188 3325 254 3390 200
286 3325 320 3389 in
347 3324 512 3409 prioribus
541 3324 667 3390 duobus
694 3324 802 3409 libris,
836 3343 883 3408 gr.
902 3325 968 3389 304
995 3325 1029 3388 iu
1056 3324 1132 3390 aliis

121 3433 259 3496 secutus.
290 3430 439 3495 Eundem
460 3452 508 3517 gr.
523 3431 590 3496 304
606 3431 796 3496 Sirmondus
815 3430 959 3496 Bacheto
983 3453 1021 3495 ex
1038 3435 1132 3516 parte

119 3537 401 3605 transcribendum
423 3542 609 3623 curaverat3
634 3537 804 3603 Palatinus
824 3536 961 3620 denique
981 3536 1134 3624 (nuncin
