2546 3986
149 199 216 265 458
396 202 484 253 ΠΕΡΙ
503 201 738 256 nomam<
755 201 930 255 ΑΡΙοααα.

151 363 216 429 ὑπὸ
245 360 499 449 συναμφοτέρου
526 373 587 429 τοῦ
616 368 652 428 Ζ.
672 370 704 429 A
732 360 787 429 καὶ
809 373 869 429 τοῦ
891 366 968 427 ΗΚ
987 362 1173 429 διπλασίων

152 468 242 536 ε’στὶν
274 469 292 535 ὁ
325 467 390 534 ὑπὸ
424 467 678 555 συναμφοτέρου
709 479 771 535 τοῦ
801 474 838 533 Ζ.
858 475 889 534 Α
915 467 971 534 καὶ
1001 478 1061 535 τοῦ
1089 472 1173 533 ΗΘ·

151 577 235 642 ὥστε
263 572 318 641 καὶ
344 584 405 641 τοῦ
434 574 654 659 συγκειμένου
684 575 720 641 ἐκ
746 586 814 642 τῶν
842 582 884 659 A,
903 580 944 661 Β,
964 579 1003 661 Γ,
1020 581 1065 661 A,
1085 581 1125 659 Β,
1146 580 1173 640 Ζ

152 684 337 748 διπλασίων
366 680 456 747 ἐστὶν
484 683 502 748 6
534 682 599 748 ὑπὸ
632 681 886 770 συναμφοτέρου
913 693 974 749 τοῦ
1003 688 1040 747 Ζ.
1059 689 1092 747 A
1119 680 1174 748 καὶ

122 806 137 846 ⁵
151 799 212 855 τοῦ
235 792 316 873 ΗΘ,
339 787 488 854 τουτέστι
509 797 571 855 τοῦ
593 791 746 873 πλήθους
767 801 835 855 τῶν
855 795 899 874 A,
912 793 953 875 Β,
968 792 1007 874 Γ,
1021 793 1065 872 A,
1080 793 1121 873 E,
1137 794 1173 853 Ζ.

141 896 244 982 Ὅπερ
269 897 336 961 ἔδει
360 894 472 974 δεῖξαι.

224 1148 298 1209 Τῶν
313 1143 424 1210 αὐτῶν
438 1142 678 1228 ὑποκειμένων,
697 1147 780 1210 έστω
798 1143 816 1209 6
834 1155 902 1209 τῶν
921 1149 963 1228 A,
977 1148 1017 1228 B,
1033 1147 1072 1230 Γ,
1086 1148 1131 1229 A,
1145 1149 1177 1209 E

151 1252 321 1335 περισσός,
349 1248 404 1315 καὶ
433 1251 581 1315 ἔστωσαν
610 1248 646 1315 ἐν
674 1257 719 1336 τῷ
750 1253 822 1313 ΖΗ
844 1259 1001 1316 τοσαῦται
1032 1249 1175 1334 μονάδες

153 1357 225 1422 ὅσοι
253 1354 339 1421 είσδν
367 1355 403 1420 οί
427 1361 470 1439 Α,
484 1359 524 1440 Β,
540 1358 577 1438 Γ,
592 1360 636 1439 A,
651 1359 688 1420 E.
734 1359 890 1442 περισσὸς
918 1357 981 1442 ἄρα
1005 1355 1095 1422 ἐστὶν
1118 1355 1174 1422 καὶ

113 1463 171 1529 106
196 1466 276 1527 ZH·
305 1465 430 1528 κείσθω
459 1461 496 1528 ἐν
524 1462 613 1550 αὐτῷ
642 1463 745 1547 μονὰς
773 1462 791 1528 6
816 1465 893 1545 ΖΘ,
921 1459 976 1527 καὶ
999 1465 1174 1548 τετμήσθω

153 1569 171 1635 6
200 1573 273 1634 ΘΗ
297 1570 372 1653 δίχα
399 1576 445 1656 τῷ
474 1570 520 1652 Κ,
553 1566 608 1632 καὶ
636 1572 811 1654 τετμήσθω
842 1569 859 1635 6
890 1571 959 1634 ΘΚ
983 1571 1030 1647 είς
1056 1571 1115 1647 τὰς
1138 1568 1176 1636 έν

153 1675 241 1765 αὐτῷ
266 1675 415 1760 μονάδας
437 1675 519 1740 κατὰ
541 1677 579 1741 τὸ
603 1679 643 1740 A.

221 1779 288 1846 Καὶ
315 1780 385 1846 ἐπεί
414 1774 440 1870 ᾧ
468 1779 620 1867 ὑπερέχει
648 1781 666 1847 6
690 1785 722 1845 E
741 1791 802 1848 τοῦ
826 1784 864 1864 Γ,
892 1783 999 1872 τούτω
1022 1780 1176 1868 ὑπερέχει

153 1888 208 1954 καὶ
231 1889 249 1955 6
274 1891 306 1953 Γ
324 1898 384 1954 τοῦ
407 1893 450 1970 Α,
474 1891 726 1975 συναμφότερος
749 1888 813 1973 ἄρα
836 1888 854 1954 6
878 1891 916 1952 E.
935 1894 967 1953 A
990 1889 1176 1956 διπλασίων

115 2011 139 2052 1⁵
154 1993 244 2061 ἐστὶν
268 2003 328 2061 τοῦ
351 1997 391 2079 Γ,
413 1992 562 2061 τουτέστι
583 2005 643 2060 τοῦ
662 1993 727 2059 ὑπὸ
747 1997 780 2059 Γ
797 1991 853 2059 καὶ
871 2003 932 2060 τοῦ
956 1997 1037 2059 ΛΚ·
1061 1996 1117 2060 διδ
1136 1998 1177 2062 τδι

154 2101 237 2166 αὐτὰ
257 2101 298 2184 δή
318 2099 373 2166 καὶ
393 2104 644 2187 συναμφότερος
667 2101 684 2167 6
708 2104 747 2165 Β.
766 2105 800 2163 A
823 2102 1007 2166 διπλασίων
1029 2098 1097 2167 ἐστὶ
1116 2111 1177 2168 τοῦ

152 2209 217 2273 ὑπὸ
242 2210 275 2272 Γ
292 2203 348 2272 καὶ
371 2210 451 2271 ΛΘ·
476 2207 557 2272 ὥστε
582 2206 618 2272 ολ
637 2214 681 2291 A,
694 2211 734 2290 E,
748 2212 787 2290 Β,
803 2210 837 2269 A
858 2205 1070 2284 διπλασίονές
1088 2208 1176 2273 εἰσιν

153 2322 213 2380 τοῦ
247 2314 310 2378 ὑπὸ
344 2315 376 2376 Γ
398 2309 453 2377 καὶ
486 2322 545 2378 τοῦ
576 2315 655 2377 ΘΚ·
688 2312 772 2378 ἀλλὰ
804 2322 865 2379 τοῦ
894 2316 963 2377 ΘΚ
992 2314 1178 2380 διπλασίων

155 2417 244 2486 ἐστὶν
273 2419 291 2485 ὁ
321 2423 402 2484 ΘΗ·
431 2421 513 2485 ὥστε
542 2417 596 2485 καὶ
624 2420 659 2485 οί
684 2425 726 2504 A,
745 2424 785 2505 E,
803 2423 845 2502 Β,
864 2423 897 2482 A
926 2426 992 2485 ίσοι
1020 2417 1106 2486 εἰσὶν
1129 2429 1175 2508 τῷ

113 2544 141 2584 20
154 2526 219 2592 ὑπὸ
247 2537 308 2593 τοῦ
331 2529 364 2592 Γ
386 2525 441 2592 καὶ
469 2536 529 2592 τοῦ
554 2530 635 2591 ΘΗ·
664 2529 754 2593 ἔστιν
783 2524 819 2592 δὲ
847 2524 902 2592 καὶ
930 2527 948 2593 6
978 2529 1010 2591 Γ
1033 2534 1105 2604 ίσος
1132 2536 1179 2614 τῷ

154 2633 219 2699 ὑπὸ
238 2641 304 2699 ποῦ
328 2636 360 2698 Γ
378 2630 433 2698 καὶ
456 2641 516 2698 τοῦ
541 2637 617 2697 ΘΖ·
646 2634 729 2698 ὥστε
757 2634 775 2699 6
803 2635 1020 2717 συγκείμενος
1047 2631 1083 2697 ἐκ
1111 2643 1180 2698 τῶν

154 2746 197 2824 A,
211 2743 251 2824 Β,
266 2743 305 2823 Γ,
320 2743 410 2824 Λ,Ε
436 2746 476 2805 ίσ.
500 2747 546 2828 τῷ
574 2739 639 2805 ὑπὸ
663 2739 768 2824 <τοῦ>
792 2743 824 2804 Γ
846 2737 985 2805 καὶτοῦ
1009 2742 1090 2802 ΖΗ·
1118 2747 1180 2804 τοῦ

155 2843 192 2911 δὲ
220 2847 285 2913 ὑπὸ
312 2857 380 2912 τῶν
404 2848 528 2910 Γ.ΖΗ
547 2847 732 2911 διπλασίων
760 2844 850 2911 ἐστὶν
874 2846 892 2912 6
916 2845 982 2911 ὑπὸ
1006 2862 1181 2930 συναμφο-

154 2951 253 3039 τέρου
281 2964 340 3020 τοῦ
368 2959 409 3018 A.
424 2957 455 3016 Β
479 2951 534 3018 καὶ
564 2962 624 3018 τοῦ
653 2957 733 3016 ΖΗ·
765 2953 847 3018 ὥστε
875 2949 931 3018 καὶ
959 2960 1019 3018 τοῦ
1047 2969 1180 3036 συγκει-

228 3224 242 3270 1
263 3215 476 3287 συναμφότερον
495 3216 569 3270 ΑΒ.
662 3223 677 3272 3
700 3218 767 3289 τῶν]
791 3223 841 3271 τοῦ
860 3216 914 3270 Βα.
1007 3221 1023 3270 8
1043 3211 1167 3270 ἔστωσαν

155 3284 223 3342 ἔσται
242 3287 260 3355 ή
279 3286 353 3360 AB,
427 3283 521 3344 93⁶6
539 3256 571 3343 Β.
645 3292 679 3342 10
699 3287 714 3342 ὁ
732 3289 807 3358 post.
826 3304 879 3343 om.
898 3287 954 3342 Ba.
1030 3291 1062 3341 15
1082 3281 1140 3342 ἐστὶ

155 3359 235 3428 (item
254 3363 297 3427 20,
316 3377 343 3428 p.
358 3362 489 3428 460,11).
544 3367 594 3414 τοῦ
613 3360 685 3431 ΛΚ]
704 3358 905 3429 womss„
924 3360 962 3412 κλ
975 3358 1030 3414 Βα.
1088 3360 1181 3413 176.-

155 3426 280 3484 πλασίων
298 3429 383 3484 ABa.
457 3427 511 3484 είσι
528 3430 551 3484 Β
570 3430 651 3500 (item
671 3437 724 3496 19).
798 3435 832 3485 20
850 3437 900 3484 του
919 3427 998 3500 prius
1018 3444 1071 3484 om
1091 3429 1147 3486 Βα.

156 3504 190 3554 22
211 3501 259 3572 λα]
280 3501 339 3564 ἴσος
359 3499 416 3555 ἐστὶ
434 3501 488 3556 Βα.
561 3510 611 3557 τοο
631 3501 769 3572 supplevi.
843 3508 877 3557 23
896 3521 912 3570 ν
932 3500 981 3554 καὶ
1000 3502 1031 3570 ζη
1050 3501 1105 3556 Βα.

155 3570 210 3624 ὑπὸ
228 3573 315 3644 φοοδ]
337 3570 394 3625 ἀπὸ
412 3572 466 3626 Βα.
541 3571 620 3630 23ίθ4
639 3570 850 3644 συναμφότερος
867 3572 899 3627 Α.
