2536 3970
517 231 772 284 ΑΡΙΘΜΗΤΙΚΩΝ
790 232 821 283 Α.

663 412 686 486 ζ.

64 605 67 610 ,
225 528 302 598 Ἀπὸ
335 542 395 598 τοῦ
427 532 530 599 αὐτοῦ
563 532 711 618 ἀριθμοῦ
745 516 881 618 ἀφελεῖν
918 535 980 599 δύο
1019 532 1184 612 δοθέντας

162 637 328 723 ἀριθμοὺς
345 637 400 704 καὶ
418 649 527 706 ποιεῖν
546 640 623 715 τοὺς
641 641 778 715 λοιποὺς
796 641 880 725 πρὸς
898 639 1063 721 ἀλλήλους
1080 643 1183 724 λόγον

161 745 249 828 ἔχειν
273 743 462 830 δεδομένον.

135 869 148 907 ⁵
225 847 446 936 Ἐπιτετάχθω
475 852 516 935 δή
544 851 608 918 ἀπὸ
636 862 696 918 τοῦ
727 851 830 917 αὐτοῦ
863 851 1011 938 ἀριθμοῦ
1046 851 1203 937 ἀφελεῖν

56 993 59 998 -
127 999 131 1008 ·
160 958 220 1022 τὸν
244 959 266 1040 ρ
287 955 342 1021 καὶ
369 959 429 1022 τὸν
451 960 487 1040 ιἰ,
514 954 570 1022 καὶ
597 968 706 1022 ποιεῖν
735 958 775 1021 τά
798 959 931 1040 μείζονα
954 969 1022 1023 των
1046 957 1182 1024 ἐλασσό-

160 1085 231 1127 νων
257 1060 325 1145 72¹6.

232 1169 388 1254 Τετάχθω
416 1169 434 1235 6
464 1171 661 1253 ζητούμενος
689 1179 754 1237 βᾶ·
787 1167 850 1258 κάν
878 1166 939 1254 μὲν
968 1169 1031 1237 ἀπὸ
1060 1173 1182 1238 τούτου

160 1271 272 1359 ἀφέλω
295 1276 353 1339 τὸν
376 1277 408 1358 ρ,
432 1279 546 1352 λοιπὸς
569 1263 720 1348 Ξᾶήτάά
730 1279 762 1361 ρ·
791 1274 851 1341 έάν
870 1272 907 1341 δὲ
929 1279 989 1342 τὸν
1012 1280 1044 1361 a,
1067 1279 1183 1355 λοιπὸς

60 1460 63 1464 ,
122 1398 147 1436 1⁰
160 1389 214 1447 βᾶ
224 1367 313 1453 ΛΜ
321 1382 350 1444 λ.
387 1379 442 1447 παὶ
461 1384 572 1466 δεήσει
590 1385 630 1448 τά
648 1386 781 1466 μείζονα
798 1394 866 1448 τῶν
885 1383 1075 1449 ἐλασσόνων
1094 1379 1185 1454 εἶναι.

160 1481 233 1570 7³²³
256 1485 327 1571 τρὶς
349 1489 414 1574 άρα
436 1490 477 1553 τά
500 1489 664 1556 ε’λάσσονα
686 1497 743 1555 Ιἴσα
767 1487 836 1555 έστλ
859 1501 928 1566 τοῖς
952 1494 1088 1573 μείζοσι,
1110 1489 1182 1574 τρῖς

50 1597 52 1602 ’
160 1589 199 1658 δὲ
212 1593 252 1658 τά
267 1590 431 1659 έλάσσονα
444 1598 570 1677 γίνεται
584 1601 680 1678 SM
690 1583 735 1661 M
743 1598 770 1660 i.
807 1605 909 1660 ταῦτα
925 1603 979 1661 ῖσα
997 1600 1092 1668 50*ch
1103 1585 1182 1660 Mic.

226 1701 323 1782 κοινή
351 1704 562 1786 προσκείσθω
591 1702 611 1785 ή
640 1706 761 1780 λεῖήιις·
795 1704 921 1784 γίνεται
948 1703 1004 1778 5?
1033 1707 1098 1767 ῖσοι
1127 1711 1183 1768 βᾶ

93 1815 97 1823 ’
159 1803 215 1870 παλ
235 1792 280 1869 M
288 1807 344 1871 στί.
388 1804 444 1871 καὶ
467 1807 653 1894 ἀφῃρήσθω
677 1808 742 1874 ἀπὸ
762 1807 887 1892 ὁμοίων
909 1806 1016 1890 ὅμοια.
1063 1809 1182 1873 λοιπὸν

122 1895 215 1996 Ιὸβήῖ
237 1918 302 1978 ῖσοι
325 1900 436 1996 MR,
458 1915 513 1978 καὶ
536 1917 662 2005 γίνεται
686 1915 704 1981 6
728 1929 747 1980 5
775 1901 877 1996 Μρμ.

227 2015 280 2082 έπὶ
298 2019 357 2095 τάς
373 2017 579 2096 ὑποστάσεις.
618 2020 714 2097 ἔταξα
734 2021 794 2084 τὸν
814 2019 1014 2101 ζητούμενον
1033 2019 1182 2105 ἀριθμὸν

73 2165 76 2170 -
160 2134 228 2208 βᾶ,
261 2125 352 2189 ἔσται
384 2125 448 2209 άρα
470 2113 515 2189 M
523 2127 576 2208 ρ”μ
627 2121 690 2211 κάν
723 2120 784 2206 μὲν
816 2122 880 2189 ἀπὸ
912 2124 1032 2190 τούτου
1067 2124 1180 2209 ἀφέλω

159 2232 219 2296 τὸν
243 2234 274 2315 ρ,
297 2228 410 2297 λοιπαὶ
433 2217 477 2294 Μ
486 2233 521 2313 μ’
551 2228 610 2294 έάν
633 2225 671 2294 δὲ
694 2232 753 2295 τὸν
774 2233 810 2312 νἰ,
840 2228 952 2295 λοιπαὶ
974 2215 1019 2294 λλ
1029 2233 1078 2314 ριί.
1124 2229 1182 2296 καὶ

162 2336 254 2421 μένει
276 2338 316 2402 τά
340 2341 472 2421 μείζονα
495 2346 562 2403 τῶν
587 2334 778 2412 ἐλασσόνων
800 2337 985 2421 τριπλάσια.

120 2567 146 2606 εο
654 2553 685 2613 ῖλ·

228 2637 318 2704 Λνσὶ
359 2640 514 2703 δοθεῖσιν
553 2636 711 2721 ἀριθμοῖς
746 2644 946 2722 προσθεῖναι
983 2640 1042 2704 τὸν
1079 2639 1211 2705 αὐτὸν·

161 2745 308 2830 ἀριθμὸν
340 2741 396 2809 καὶ
427 2753 537 2810 ποιεῖν
566 2746 644 2820 τοὺς
672 2741 873 2826 γενομένους
903 2745 995 2830 πρὸς
1017 2742 1183 2888 ἀλλήλους
1260 2781 1261 2786 1

161 2855 263 2934 λόγον
288 2853 374 2937 ἔχειν
399 2848 591 2933 δεδομένον.

228 2963 294 3022 Δεῖ
318 2958 361 3040 δή
388 2957 448 3021 τὸν
477 2955 657 3038 διδόμενον
684 2959 786 3039 λόγον
815 2954 978 3023 ἐλάσσονα
1006 2951 1092 3022 εἶναι
1119 2968 1181 3023 τοῦ

120 3096 146 3137 25
160 3065 266 3144 λόγου
287 3058 328 3128 οὗ
351 3065 418 3148 ἔχει
441 3062 459 3128 6
483 3064 601 3146 μείζων
624 3072 691 3127 τῶν
715 3061 887 3128 δοθέντων
905 3065 987 3145 πρὸς
1005 3064 1064 3128 τὸν
1083 3061 1180 3129 έλάσ-

161 3185 252 3234 σονα.

224 3271 444 3359 Ἐπιτετάχθω
478 3274 519 3356 δή
552 3278 641 3363 τῷρ
673 3272 728 3339 καὶ
760 3284 805 3362 τςό
836 3267 856 3339 ἴτ’
888 3282 1087 3359 προσθεῖναι
1119 3280 1179 3343 τὸν

160 3380 263 3447 αὐτὸν
278 3379 424 3464 ἀριθμὸν
438 3377 494 3445 καὶ
508 3391 616 3447 ποιεῖν
630 3382 670 3445 τά
685 3382 818 3463 μείζονα
831 3371 899 3445 τάν
909 3379 1100 3448 ἐλασσόνων
1110 3378 1179 3466 7⁷¹6.

231 3588 326 3645 ῖἊπδ
345 3597 395 3644 τοῦ
420 3591 506 3644 αὐτοῦ
531 3589 670 3661 ἀριθμοῦ]
695 3590 802 3661 Εὑρεῖν
821 3573 842 3646 5*
858 3587 912 3658 ἀφ’
934 3586 967 3646 οὗ
990 3591 1116 3658 ἀριθμοῦ
1135 3593 1182 3647 δεῖ
1254 3555 1256 3586 '¹
