2552 3980
297 221 629 275 ARITHMETICORUM
646 225 756 275 LIBER
774 225 940 288 QUINTUS.
1063 225 1127 289 357

574 471 662 538 XVI.

175 613 325 679 Invenire
343 616 411 679 tres
429 635 581 680 numeros
601 615 650 679 ita
669 619 705 680 ut
724 614 825 680 cubus
845 639 864 680 a
884 638 1011 683 summa
1027 618 1126 684 trium
1147 627 1179 676 19

107 720 216 785 minus
240 741 435 805 unoquoque
458 720 559 786 faeiat
582 721 710 787 cubum.
915 715 917 720 ’

175 860 321 928 Ponatur
348 884 461 928 rursus
489 885 616 928 summa
639 864 740 928 trium
764 885 835 930 esse
856 885 880 930 a
903 869 936 930 et
959 865 1025 931 sint
1048 865 1126 950 ipsi:

416 1025 498 1163 {effi
569 1025 657 1162 {qu
730 1026 862 1165 {Zeti

104 1253 226 1319 Restat
254 1257 291 1318 ut
319 1275 447 1319 summa
473 1253 574 1318 trium
604 1256 762 1338 aequetur
783 1276 818 1340 ως
847 1256 885 1321 fit
908 1257 1040 1341 quidam
1063 1260 1126 1323 ter·

1 1357 2 1362 ’
104 1362 213 1427 minus
237 1362 272 1424 in
289 1357 324 1427 κθ
343 1382 412 1444 aeq.
434 1381 469 1444 ως
493 1360 602 1425 omnia
620 1382 679 1445 per
696 1382 731 1446 ως
755 1362 793 1426 fit
813 1362 944 1448 quidam
967 1363 1125 1429 terminus

103 1469 140 1533 in
163 1465 200 1533 ω’
224 1488 292 1551 aeq.
316 1469 345 1532 1.

174 1609 220 1676 At
246 1611 263 1674 1
289 1612 339 1673 est
364 1611 410 1692 [];
434 1608 600 1694 oportebit
621 1609 724 1695 igitur
747 1609 980 1675 eoeffioientem
1000 1608 1036 1675 xi
1055 1632 1126 1676 esse

107 1722 150 1783 Π.
186 1716 281 1782 Unde
300 1715 453 1801 provenit
471 1715 655 1781 eoeffioiens
673 1713 732 1781 23²?
755 1739 904 1782 excessus
924 1721 975 1782 est
992 1716 1127 1783 temarii

104 1845 206 1909 supra
220 1844 381 1888 summam
394 1821 494 1886 trium
509 1821 666 1886 cuborum
681 1842 820 1906 quorum
833 1822 1055 1908 unusquisque
1076 1826 1126 1887 est

104 1932 214 1995 minor
242 1950 339 2014 quam
368 1929 396 1993 1.
446 1927 625 1993 Deducitur
653 1928 801 2012 quaestio
830 1928 870 1992 ad
898 1927 1126 1993 inveniendum

102 2041 172 2102 tres
192 2035 293 2101 cubos
313 2056 450 2120 quorum
477 2033 697 2119 unusquisque
721 2035 766 2100 sit
789 2035 896 2100 minor
920 2055 1017 2119 quam
1043 2035 1071 2119 1,
1094 2038 1128 2098 et

104 2164 243 2225 summa,
267 2163 286 2206 a
309 2142 330 2206 3
354 2140 532 2226 subtracta,
555 2140 656 2206 faeiat
679 2140 884 2226 quadratum.

173 2285 220 2349 Et
247 2283 352 2348 adhue
381 2282 564 2368 quaerimus
587 2305 850 2370 unumquemque
874 2286 1031 2351 cuborum
1057 2307 1127 2351 esse

105 2393 266 2457 minorem
301 2411 397 2474 quam
432 2391 463 2474 13
501 2391 530 2455 si
561 2389 665 2474 igitur
701 2395 928 2457 construamus
965 2414 1126 2457 summam

103 2500 205 2565 trium
234 2519 305 2563 esse
333 2497 493 2562 minorem
521 2519 618 2582 quam
648 2498 680 2577 1,
715 2498 817 2562 multo
845 2498 952 2562 minor
980 2520 1076 2582 quam
1107 2500 1124 2563 1

103 2606 168 2672 erit
200 2603 435 2688 unusquisque3
468 2604 514 2669 sie
543 2602 640 2668 debet
668 2603 815 2668 residuus
850 2607 881 2668 U
920 2625 989 2668 esse
1022 2605 1127 2669 maior

104 2734 204 2797 quam
227 2711 257 2776 2.

171 2853 318 2920 Ponatur
357 2850 506 2917 residuus
541 2853 572 2914 []
606 2849 711 2915 maior
743 2871 842 2934 quam
874 2850 909 2934 23
947 2853 1017 2915 esto
1050 2833 1127 2944 2{·
1159 2925 1162 2931 Δ

104 2995 246 3080 Oportet
268 2994 371 3080 igitur
393 2994 428 3058 in
451 2997 520 3058 tres
544 2993 644 3058 cubos
667 2993 783 3078 partiri
806 2959 833 3096 Ξ
856 2992 909 3058 vel
931 2991 1027 3057 istius
1045 2992 1126 3057 frao-

103 3138 205 3204 tionis
239 3134 436 3220 multiplicia
469 3134 644 3201 seeundum
679 3134 806 3219 aliquos
839 3133 938 3199 cubos
975 3134 1126 3219 partitos.

966 3315 1126 3324 ..μ’-η..-

104 3454 173 3511 toto
192 3459 249 3525 (21)
269 3471 323 3510 om.
342 3455 397 3510 Ba.
482 3459 515 3508 21
537 3449 604 3506 ἔστω
623 3434 733 3526 Ιῦῑβδχ
752 3468 837 3521 supra
854 3452 960 3506 lineam
978 3449 1057 3523 (ἔστω
1077 3452 1126 3506 du-

102 3527 184 3653 ppqpr
195 3523 430 3653 anqompendio)
448 3525 482 3594 A,
501 3542 554 3580 om.
575 3523 619 3595 131.
693 3532 766 3595 τρεῖς
785 3524 876 3593 suppl.
895 3524 950 3579 Ba.
1023 3530 1057 3578 22
1077 3523 1124 3593 τὰ]
