2536 3970
292 163 621 214 ARITHMETIGORUM
640 164 748 214 LIBER
765 164 907 218 PRIMUS.
1088 163 1108 226 7

155 322 218 399 Qui
241 344 317 388 vero
340 324 467 388 nullam
485 325 585 389 talem
603 325 839 409 proprietatem
857 325 1013 412 possidet,
1036 347 1109 391 con·

84 429 170 493 tinet
198 432 308 495 autem
336 429 369 494 in
399 429 505 515 seipso
535 430 752 514 quantitatem
783 430 945 496 unitatum
968 431 1106 496 indeter-

86 536 255 620 minatam,
269 540 404 602 vcoatur
417 537 572 602 arithmus
588 535 800 621 [incognitus]
817 541 850 602 et
865 537 961 602 huius
977 537 1106 623 signum

83 645 137 706 est
158 657 178 710 5
199 645 256 724 [al

154 784 217 849 Est
247 807 376 871 quoque
405 784 491 848 aliud
525 784 668 870 signum,
702 784 788 869 quod
815 785 849 848 in
881 783 1106 850 determinatis

84 895 242 957 constans
263 897 321 973 cst,
345 892 463 976 unitas,
486 892 577 957 cuius
599 892 729 976 signum
748 894 798 955 est
815 894 860 955 M
874 891 992 956 habem
1012 894 1040 955 0
1058 891 1107 956 in·

81 998 201 1063 dicem:
225 987 308 1084 ΝΡ).

157 1139 435 1216 Quemadmodum
454 1141 598 1204 numeris
618 1140 830 1224 cognomines
853 1138 1029 1204 fractiones
1049 1139 1159 1233 ali-{ff-

1049 1250 1062 1296 l

82 1285 204 1369 quotae
225 1305 245 1347 a
262 1282 406 1348 numeris
431 1282 610 1348 derivative
634 1284 801 1366 vocantur,
824 1303 843 1346 a
862 1282 882 1347 3
902 1281 1004 1346 triens
1025 1245 1105 1384 Η,

380 1425 393 1473 1

84 1481 105 1524 a
128 1461 151 1523 4
170 1459 332 1545 quadrans
357 1424 437 1563 Η,
459 1459 507 1536 ita
530 1460 739 1544 cognomines
758 1459 901 1524 numeris
920 1459 985 1523 illis
1005 1481 1105 1544 supra

83 1601 261 1666 nominatis
286 1600 461 1666 fractiones
487 1600 652 1685 aliquotae
681 1599 722 1664 ab
750 1600 815 1664 illis
845 1599 989 1667 numeris
1022 1599 1103 1664 deri·

82 1706 193 1771 vative
217 1706 429 1770 vocabuntur.

154 1845 190 1911 Si
219 1846 445 1910 denominatur
474 1849 524 1911 est
546 1865 569 1910 a
596 1842 802 1931 (arithmus),
832 1845 976 1912 dicemus
1005 1849 1103 1913 arith·

81 1994 203 2055 aaut
227 1952 308 2095 ffl3
338 1989 365 2052 si
393 1985 429 2054 a
453 1987 643 2075 (dynamis),
675 1990 876 2073 uyaamosan
899 1953 987 2095 [xil
1017 1988 1046 2055 si
1068 1987 1104 2056 aa

81 2146 222 2236 (cubus),
241 2149 385 2214 adustura
399 2111 487 2255 [ἑὼ
511 2150 539 2215 si
552 2145 588 2215 a*
601 2146 936 2236 (dynamodynamis),
956 2150 1103 2234 dyncmo

79 2329 285 2412 dpnumostoa
308 2290 396 2428 [22]
430 2327 458 2393 si
489 2324 526 2393 al
562 2293 860 2414 (dynamocubus),¹
883 2329 1103 2412 dpncmoardo-

325 2394 346 2431 [⁶

79 2491 151 2552 stou
172 2450 261 2591 [tl
291 2485 319 2550 si
341 2483 376 2551 a
399 2483 622 2572 (atauus),
646 2487 862 2552 auocuosom
885 2451 972 2593 [ᾗ]

149 2661 295 2727 Habebit
304 2685 516 2749 unaquaeque
525 2664 642 2729 harum
653 2665 847 2730 fractionum
859 2687 956 2749 super
971 2666 1101 2751 signum

80 2769 286 2854 cognominis
313 2771 440 2835 numeri
468 2770 586 2836 lineam
610 2784 635 2836 >c
659 2793 741 2857 quae
764 2772 927 2837 discernat
952 2773 1100 2856 speciem.

148 2911 309 2996 Exposita
337 2913 398 2977 tibi
430 2913 682 2998 uniuscuiusque
714 2935 924 2979 numerorum
958 2915 1151 3022 appellalpvf·

80 3016 181 3102 tione,
206 3018 245 3083 ad
269 3017 578 3104 multiplicationem
601 3018 735 3084 illorum
757 3022 898 3085 transeo.
944 3019 1019 3085 Erit
1038 3021 1100 3086 tibi

81 3125 228 3209 evidens,
257 3147 356 3209 quum
385 3123 453 3189 fere
477 3126 544 3190 iam
568 3124 734 3190 declarata
756 3125 856 3191 fuerit
884 3126 924 3191 ab
948 3127 1021 3211 ipsa
1044 3149 1099 3213 ap·

80 3231 268 3317 pellatione.

157 3533 182 3600 1)
202 3530 287 3584 Nullo
307 3528 388 3600 signo
406 3546 458 3600 pro
477 3527 589 3584 unitate
607 3529 638 3583 in
656 3529 785 3586 versione
804 3531 924 3585 utemur.
