2536 3970
290 208 619 262 fflruunrrconuu
637 213 747 263 ursan
764 181 909 268 narnus
956 208 959 213 “
1060 213 1104 278 43

540 441 667 522 [Aliter.

74 577 76 582 ’
154 580 317 657 Quoniam
347 603 496 648 excessus
519 583 565 668 Χ,
583 586 623 666 -Ι-
641 585 685 670 Χ,
710 609 808 672 supra
832 587 877 672 Χ,
901 591 951 652 est
975 589 1031 672 20,
1062 589 1105 654 sit
1126 606 1157 656 19

91 687 758 776 X3=n‚ergoX1-}-X„=c†20.

158 793 283 858 Rursus
303 794 455 879 quoniam
474 791 625 861 excessus
642 796 689 880 Χ,
701 800 741 878 †
753 798 799 882 Χ,
814 820 912 883 supra
927 799 972 884 Xl
989 803 1038 864 est
1052 801 1105 884 30,

89 921 178 983 pono
203 899 251 984 Χ,
276 921 347 964 esse
374 906 426 967 tot
452 902 616 968 unitatum
644 909 724 989 quot
747 909 796 969 est
820 905 954 970 dimidia
977 927 1105 970 summa

90 1005 135 1069 20
158 1010 192 1070 et
215 1006 267 1091 30,
289 1005 352 1071 hoo
375 1013 425 1072 est
445 1009 498 1092 25,
522 1013 555 1074 et
574 995 727 1094 quoniam
746 1011 791 1095 Χ,
804 1015 845 1094 -Ι-
856 1012 903 1097 Χ,
914 1042 956 1066 =
967 1033 989 1077 2
1001 1015 1040 1094 -Ι-
1051 1014 1104 1098 20,

88 1133 190 1196 quum
214 1111 258 1176 sit
280 1111 326 1197 Χ,
343 1143 385 1166 ==
400 1113 453 1199 25,
476 1120 623 1181 remanet
647 1138 724 1202 ergo
748 1118 794 1202 Χ,
811 1149 853 1171 =
866 1139 890 1182 2
904 1154 945 1164 -
961 1119 991 1185 5.

156 1216 331 1304 Linquitur
358 1242 524 1286 excessum
554 1223 602 1307 Χ,
618 1226 658 1304 -1-
675 1224 720 1308 Χ,
750 1247 848 1310 supra
873 1225 920 1309 Χ,
951 1247 1022 1290 esse
1045 1228 1103 1310 403

89 1325 147 1389 sed
170 1325 217 1409 Χ,
234 1329 274 1406 -Ι-
290 1326 337 1411 X8
352 1357 395 1379 =
409 1329 458 1392 22
472 1364 514 1374 -
529 1328 564 1394 5:
588 1335 768 1415 aequantur
790 1352 867 1416 ergo
892 1331 943 1397 65.

155 1430 327 1518 Utrimque
365 1433 503 1498 addatur
534 1440 701 1520 negatum3
740 1458 818 1523 ergo
846 1439 895 1502 22
916 1469 958 1492 ==
979 1439 1035 1522 703
1062 1441 1105 1504 -fit

85 1558 109 1602 2
124 1568 166 1590 =
181 1538 235 1604 35.

144 1645 206 1708 ·Ad
225 1645 414 1729 positiones.
442 1645 503 1712 Est
523 1645 568 1731 Χ,
587 1679 628 1700 =
642 1649 762 1732 x-53
782 1650 844 1713 erit
858 1650 911 1715 30.
939 1650 986 1734 Χ,
1000 1681 1040 1704 =
1053 1651 1103 1717 25.

36 1751 421 1840 ’Χπηώῆῆ

554 1947 641 2014 ΧΙΧ.
656 1960 658 1966 ’

152 2069 304 2135 Invenire
323 2075 462 2155 quatuor
481 2093 633 2137 numeros
653 2073 737 2138 tales
759 2078 795 2137 ut
818 2075 903 2139 terni
927 2075 1025 2140 simul
1050 2075 1103 2140 ad·
1122 2093 1156 2142 20

90 2176 150 2241 diti
172 2177 335 2261 reliquum
359 2172 513 2263 superent
534 2180 703 2264 proposito
727 2201 873 2246 numero.
1011 2189 1016 2196 '

155 2282 297 2366 Oportet
333 2287 473 2369 quatuor
509 2305 697 2350 excessuum
735 2285 902 2351 dimidiam
942 2311 1103 2354 summam

87 2389 247 2455 maiorem
271 2410 341 2454 esse
364 2412 559 2475 unoquoque
582 2391 707 2456 horum.

153 2495 360 2579 Proponatur
391 2497 457 2560 iam
489 2519 655 2562 excessum
688 2500 788 2564 trium
821 2521 841 2564 a
875 2499 922 2585 Χ,
954 2501 1104 2586 deinceps

86 2603 185 2668 simul
209 2601 393 2667 additorum
418 2625 516 2688 supra
541 2602 589 2688 Χ,
608 2627 678 2668 esse
697 2605 753 2688 203
777 2606 877 2670 trium
901 2629 921 2670 a
939 2606 986 2690 Χ,
1005 2629 1104 2692 supra

87 2708 132 2794 Χ,
159 2707 230 2774 esse
254 2708 311 2792 303
338 2709 438 2774 trium
466 2733 486 2774 a
510 2710 557 2795 Χ,
587 2733 685 2794 supra
712 2711 759 2795 Χ,
788 2733 858 2776 esse
882 2713 938 2794 403
967 2713 1103 2797 denique

86 2815 187 2881 trium
209 2838 227 2878 a
243 2814 292 2898 Χ,
306 2815 456 2900 deinceps
476 2817 572 2881 simul
588 2817 773 2883 additorum
791 2830 889 2902 supra
904 2818 949 2902 Χ,
965 2840 1036 2883 esse
1050 2819 1104 2885 50.

154 2921 324 2986 Ponuntur
342 2927 481 3006 quatuor
501 2922 599 2987 simul
618 2923 720 2988 additi
744 2945 815 2988 esse
839 2924 895 2988 22.
943 2922 1102 3000 Quoniam

86 3050 237 3094 excessus
257 3028 358 3093 trium
377 3053 396 3093 a
417 3027 464 3112 Χ,
490 3051 588 3114 supra
612 3029 660 3113 Χ,
683 3034 732 3094 est
756 3031 800 3095 20
823 3033 856 3094 et
878 3030 964 3095 idem
983 3035 1034 3096 est
1053 3053 1104 3096 cx·

89 3291 116 3347 ot
133 3299 208 3361 τρεῖς
225 3291 315 3358 Alia,
341 3291 393 3346 circ
410 3299 484 3360 τρεῖς
502 3291 534 3348 Β,
642 3299 674 3346 17
696 3291 885 3362 ἐτιταχθέντα
904 3291 1029 3364 ἀριθμόν
1048 3295 1103 3349 Bc.

125 3369 158 3418 18
176 3372 233 3418 τῶν
265 3369 315 3417 τοῦ
334 3361 394 3416 ΑΒ.
485 3361 625 3432 τεσσάρων
661 3372 717 3418 τῶν
739 3363 921 3434 τεσσάρωνΒ
947 3371 1013 3432 (τῶν
1030 3365 1105 3420 inter

85 3433 176 3488 lineas
191 3363 256 3488 soi.
271 3434 297 3488 A
311 3439 343 3486 2⁸
355 3437 412 3499 m).
460 3432 537 3504 18J19
551 3441 602 3488 τοῦ
639 3431 720 3504 μέσον
740 3433 875 3491 ἐλάττονα
894 3432 967 3491 εἶναι
987 3435 1104 3491 ἕκαστον

87 3505 255 3594 αὐτῶνῑΒα.
347 3510 381 3558 20
400 3503 457 3558 ἀπὸ
480 3505 591 3573 πρώτου
610 3506 641 3560 Β.
732 3512 767 3560 24
785 3507 842 3562 ἀπὸ
867 3505 1000 3575 τετάρτου
1019 3508 1103 3562 ΑΒα.

2 3619 3 3622 ¹
124 3583 157 3631 at
177 3577 213 3649 ῳ]
234 3573 267 3630 ὃν
284 3575 340 3630 Bc.
398 3613 401 3618 -

1092 3689 1094 3696 ‚
1163 3666 1232 3686 Α
