2546 3986
172 217 240 281 444
529 218 785 272 ΑΡΙοΜΗΤιΚοΝ
804 219 830 272 ς.

901 395 928 430 σί

172 469 350 553 ἐλάσσονα,
378 469 563 600 εὑρήσομεν
589 470 648 534 τὸν
676 484 696 536 δ
723 469 868 552 μονάδος
890 380 1050 554 ῳιὺ,ί
994 466 1050 534 καί
1074 471 1192 554 ἔχομεν

173 573 321 641 ἀπὸτοῦ
344 573 397 640 ἀπ’
422 575 524 641 αὐτοῦ
550 579 611 641 []⁰¹’
634 569 712 663 ἆραι
735 561 806 640 Μ
783 600 814 639 οι

654 826 704 906 κβ.

239 949 363 1030 Εὑρεῖν
390 951 556 1034 τρίγωνον
584 948 795 1034 ὀρθογώνιον
824 947 911 1026 ὅπως
933 950 951 1015 6
975 948 1013 1014 ἐν
1035 959 1075 1034 τῇ
1100 970 1193 1036 περι-

144 1053 280 1143 σμέτρῳ
300 1054 404 1120 αὑτοῦ
422 1047 443 1140 6
462 1055 575 1138 κύβος,
594 1056 793 1139 προσλαβὼν
808 1051 844 1119 δὲ
863 1057 921 1121 τὸν
941 1053 978 1120 ἐν
992 1065 1037 1143 τῷ
1058 1056 1193 1144 ἕμβοιδῳ

172 1160 287 1244 αὐτοῦ,
310 1171 388 1253 ποιῇ
412 1163 628 1246 τετράγωνον.

239 1270 413 1354 Πρότερον
437 1268 491 1332 δεῖ
515 1266 772 1346 ἐπισκέψασθαι·
803 1269 865 1334 δύο
894 1268 1049 1355 ἀριθμῶν
1073 1267 1195 1334 δοθέν-

170 1397 257 1458 των,
280 1375 393 1457 εὑρεῖν
416 1376 580 1461 τρίγωνον
604 1374 832 1460 ὀρθογώνιον,
856 1376 943 1452 ὅπως
966 1377 984 1442 6
1009 1371 1069 1460 μὲν
1094 1375 1131 1441 έν
1155 1385 1194 1461 τῇ

171 1480 355 1570 περιμέτρῳ
379 1480 482 1547 αὑτοῦ
507 1487 578 1560 ίσος
601 1474 664 1567 <6>
688 1479 738 1546 ἑνὶ
761 1493 827 1547 τῶν
847 1481 1030 1566 δοθέντων,
1054 1483 1072 1548 6
1097 1479 1129 1547 δ’
1158 1482 1195 1548 έν

134 1619 159 1656 ιο
172 1597 217 1676 τῷ
242 1587 374 1676 ἐμβαδῳ
399 1587 502 1653 αὑτοῦ
525 1597 570 1674 τῷ
595 1585 704 1676 ἑτέρῳ.

232 1693 402 1761 Ἔστωσαν
431 1695 492 1760 δύο
521 1693 660 1782 ἀριθμοὶ
688 1695 706 1760 6'
734 1718 769 1760 τε
795 1681 832 1780 66
859 1693 914 1761 ιιοιὶ
943 1696 960 1762 ὁ
990 1679 1017 1774 ξ·
1044 1693 1100 1760 καὶ
1125 1693 1197 1760 ἐπι-

172 1802 320 1888 τετάχθω
344 1804 402 1868 τὸν
426 1797 487 1886 μὲν
511 1787 545 1886 66
568 1797 655 1866 εἶναι
678 1804 737 1869 τὸν
761 1801 855 1887 616
875 1800 1057 1892 περιμέτρῳ
1077 1801 1196 1887 αὑτοῦ,

172 1911 232 1974 τὸν
260 1905 296 1973 δέ
327 1911 342 1987 ζ
367 1910 426 1975 τὸν
455 1907 491 1974 ἐν
518 1917 563 1996 τῳ
598 1907 740 1996 έμβοιδῳ.
792 1908 810 1974 6
838 1911 902 1996 ἄρα
929 1908 994 1974 ὑπὸ
1023 1919 1090 1974 τῶν
1118 1907 1197 1995 περὶ

173 2016 233 2098 τὴν
262 2016 371 2102 ὀρθὴν
395 2015 499 2081 αὐτοῦ
527 2017 617 2081 ἔσται
641 1999 685 2080 Μ
690 2001 740 2098 ιδ
767 2013 823 2081 καὶ
852 2014 910 2080 ἐὰν
938 2014 1085 2100 τάξωμεν
1113 2020 1197 2099 μίαν

135 2122 278 2188 ιιοιὺτοῦ
301 2123 411 2209 ὀρθὴν
433 2119 520 2205 δχᾶ,
542 2119 604 2206 6‘
588 2121 710 2234 ετέρα
701 2123 805 2189 αὑτοῦ
824 2125 915 2188 ἔσται
933 2109 1007 2190 διδ.
1045 2124 1136 2188 ἔστιν
1157 2120 1195 2188 δὲ

173 2224 228 2291 καὶ
246 2227 268 2310 6
286 2232 481 2315 περίμετρος
499 2228 602 2294 αὐτοῦ
621 2215 665 2294 Μ
671 2233 718 2313 ιβ
737 2229 798 2313 6’'
778 2254 841 2318 ιιρα
859 2229 1082 2295 ὑποτείνουσα
1101 2231 1195 2294 ἔσται

172 2317 217 2396 Μ
223 2333 386 2417 ιβιὺδχοι
400 2336 473 2401 διδ.

240 2445 359 2507 λοιπόν
382 2441 471 2507 ἐστιν
494 2444 553 2508 τὸν
577 2440 632 2507 ἀπ’
656 2443 757 2528 αὐτῆς
777 2447 836 2508 []⁰
838 2442 972 2573 ,ὅσπερ
996 2441 1065 2509 ἐστὶ
1084 2441 1198 2509 Δηοῖ

174 2549 315 2635 ΛΥρΗς
328 2533 373 2613 Μ
378 2545 538 2638 ροβιὺδχ
546 2551 589 2615 ιιδ
602 2556 701 2634 δτλς,
726 2551 843 2615 ίσῶσαι
861 2560 931 2627 τοῖς
949 2548 1013 2615 ἀπὸ
1032 2560 1099 2615 τῶν
1118 2548 1196 2637 περὶ

134 2681 160 2721 20
174 2657 235 2740 τὴν
254 2657 363 2744 ὀρθὴν
383 2662 430 2722 []⁰
432 2669 462 2741 ἒ,
481 2655 651 2723 τουτέστιν
670 2654 779 2720 Δῖκᾱ
793 2657 943 2743 ΔΥρῑις.
976 2659 1073 2742 κοινὴ
1091 2675 1196 2743 προσ-

173 2766 298 2829 κείσθω
322 2764 342 2848 6
367 2769 474 2844 λεϊψις
496 2762 551 2829 καὶ
574 2763 638 2830 ἀπὸ
656 2763 829 2863 ὁμοίων”
811 2788 909 2849 ομοιοι
932 2761 987 2829 καὶ
1010 2763 1117 2829 πάντα
1142 2762 1195 2829 ἐπὶ

174 2884 203 2953 δ,
226 2873 269 2954 μί.
292 2874 387 2958 δροβ
410 2878 452 2936 ίσ.
472 2871 591 2940 ΛΥτλς
605 2855 703 2937 666.

240 2975 296 3042 ιιοιὶ
319 2978 360 3043 06
383 2978 522 3044 πάντοτε
546 2979 692 3044 δυνατόν
716 2976 821 3062 ἐστιν,
849 3001 864 3042 ε
868 2978 946 3062 ίμὴ
970 2977 1061 3055 τὸᾙ
1085 2991 1195 3046 τῶνδ

174 3081 225 3169 ἐφ’
252 3082 366 3168 έοιντό,
393 3090 511 3164 λεϊψαν
538 3085 595 3162 τδις
618 3085 677 3147 ΔΥ
697 3081 749 3149 ἐπὶ
772 3084 831 3162 τὰς
853 3071 903 3169 Μ,
926 3095 1018 3150 ποιεῖ
1040 3090 1112 3150 []⁰⁹·
1141 3091 1201 3153 καί

247 3290 417 3350 ἐλιπτονοι
435 3294 479 3365 Β
563 3295 686 3366 μονάδος
705 3311 758 3351 om.
773 3294 828 3350 Ba.
909 3292 961 3349 2
945 3317 963 3350 α
965 3297 1024 3368 ραι]
1045 3296 1103 3368 δρα
1120 3295 1196 3368 AB.

210 3365 253 3438 465
272 3373 305 3437 τῇ
324 3364 479 3457 περιμέτρῳ
498 3367 553 3437 Βο,
572 3372 610 3421 τῶ
630 3363 643 3422 ἒ
644 3368 742 3440 μβαδῶ
760 3366 822 3420 AB.
897 3374 912 3420 7
932 3367 1073 3438 ἀριθμοὺς
1092 3337 1197 3423 δοθέν-

174 3457 224 3499 τας
241 3436 315 3509 ΑΒ.
389 3411 783 3506 9ἦεομμ1.1δα.δὺἐν
802 3439 856 3493 Ba.
931 3443 964 3492 14
983 3440 1033 3493 καὶ
1051 3439 1106 3506 Βο,
1128 3438 1196 3495 ἔστω

174 3508 234 3563 ΑΒ.
324 3514 357 3563 15
376 3509 462 3563 αὑτοῦ
482 3509 587 3581 ὀρθὴν]
608 3510 693 3564 αὑτοῦ
713 3513 751 3568 ,1.
770 3511 858 3565 αὑτοῦ
875 3509 937 3580 AB,
957 3511 1050 3566 αὑτῶν
1068 3512 1123 3565 Ba.

175 3596 261 3653 αὑτοῦ
279 3600 352 3671 post.
373 3616 426 3655 om
445 3599 499 3653 Ba.
583 3595 640 3653 ἔστι
659 3597 736 3668 Β(ἱὺ
737 3614 782 3652 em
801 3601 854 3670 18)
942 3604 974 3654 17
994 3597 1097 3672 διδ]
1084 3619 1099 3661 s
1123 3599 1195 3655 οἷδ’
