2536 3970
499 205 711 258 PRAEFATIO.
1083 202 1124 256 IX

198 367 247 430 De
270 388 355 432 nova
378 366 648 451 interpretatione
673 387 745 431 mea
764 365 841 452 quid
861 365 989 432 dicam?
1018 364 1123 442 Quum

109 494 244 558 graecus
273 495 379 538 sermo
412 473 446 537 in
480 472 659 556 disciplinis
692 472 857 537 tradendis
890 472 1123 558 perspicuitate

109 579 250 644 latinum
274 579 378 644 multo
398 582 540 663 superet,
565 578 827 644 mataeotechnia
844 578 971 663 fuisset,
994 583 1032 644 ut
1050 601 1124 644 curn

107 684 207 750 Victa
229 686 360 770 loquar,
389 687 417 749 si
440 689 586 751 veterum
614 686 846 750 translatorum
875 685 962 749 viam
986 689 1124 767 secutus

111 790 319 876 Diophantea
343 792 516 877 aliquando
540 794 673 876 propter
693 792 886 857 brevitatem
910 791 1048 856 obscura
1066 812 1124 873 per

111 896 299 962 obscuriora
314 898 476 981 explicare
491 898 676 962 voluissem.
714 897 897 963 Hodiernas
916 897 1018 982 igitur
1037 896 1123 961 locu·

108 1003 214 1067 tiones
251 1004 415 1068 technicas
452 1006 611 1088 notasque
649 1004 849 1088 algebraicas
888 1008 967 1088 quas
1005 1007 1124 1068 vocant

108 1111 218 1194 accepi
243 1112 276 1174 et
300 1109 441 1175 auctoris
470 1111 578 1175 sensui
606 1114 763 1194 quantum
786 1111 878 1194 potui
906 1109 1123 1192 accomodari,

110 1216 165 1280 vix
188 1238 384 1300 quemquam
405 1215 602 1281 monendum
625 1220 745 1300 putans
764 1214 990 1300 Diophanteos
1010 1215 1123 1280 modos

108 1322 262 1406 loquendi
285 1322 318 1386 in
342 1323 444 1388 latino
463 1325 556 1387 textu
574 1321 660 1387 haud
680 1321 879 1406 quaerendos
899 1345 977 1388 esse.
1010 1321 1122 1386 Ratio-

107 1449 183 1492 nem
214 1451 281 1513 qua
317 1451 394 1494 usus
432 1452 504 1494 sum
540 1432 578 1494 ut
614 1450 680 1493 non
716 1429 823 1494 miuus
860 1429 1012 1516 fidelitati
1044 1450 1124 1512 erga

108 1539 273 1599 auctorem
297 1537 634 1623 quamplurimorum
663 1537 820 1601 lectorum
844 1534 983 1600 utilitati
1010 1556 1124 1600 consu-

109 1641 220 1724 lerem,
243 1641 278 1704 in
301 1641 462 1706 indicibus
487 1642 623 1706 alterius
648 1642 820 1706 voluminis
845 1641 1024 1725 explicabo

198 1745 356 1829 Superest
379 1751 416 1811 ut
444 1746 506 1812 duo
529 1746 809 1832 typographorum
838 1747 955 1811 menda
978 1748 1124 1812 tollenda

110 1874 181 1916 esse
204 1852 358 1916 indicem:

197 1959 361 2043 p.106‚1
387 1959 420 2022 in
444 1958 653 2024 adnotatione
677 1959 790 2025 critica
813 1958 941 2044 signum
967 1961 1001 2029 rb
1026 1961 1122 2025 omis-

108 2087 180 2128 sum
217 2063 280 2128 fuit
317 2066 391 2127 ante
428 2061 586 2151 ἑκατέρου
618 2064 657 2129 Α.
691 2101 733 2112 -
766 2066 846 2149 384,
869 2064 912 2131 25
945 2066 1120 2152 legendum

108 2170 321 2253 ὁσασὸήποτε.

198 2326 388 2395 Scribebam
411 2328 547 2395 Parisiis
571 2353 681 2396 mense
701 2331 852 2396 Octobris
870 2328 1121 2398 Mucccxcll.

106 2538 201 2592 nullus
229 2537 417 2607 ambiguitati
442 2539 520 2594 locus
545 2542 600 2609 est,
629 2557 715 2608 quum
743 2543 809 2596 ante
835 2557 965 2595 numeros
993 2540 1120 2612 integros

107 2630 178 2682 nota
195 2615 231 2682 Id
246 2625 365 2681 unitatis
385 2630 548 2684 constanter
566 2629 735 2697 inveniatur,
755 2632 820 2684 ante
836 2630 1006 2685 fractionum
1024 2648 1121 2685 nume-

109 2719 219 2771 ratores
239 2716 360 2772 deficiat.

179 2804 428 2859 Denominatorem
460 2805 567 2859 unitati
593 2809 695 2877 (neque
726 2806 838 2862 binario
866 2806 897 2862 in
924 2807 1064 2863 fractione
1091 2812 1119 2881 ᾖ)

107 2893 330 2963 suprascriptum
357 2891 443 2947 fuisse
471 2911 616 2961 nunquam
643 2911 706 2948 cum
729 2895 855 2950 Bacheto
884 2895 1004 2964 credidi,
1034 2914 1121 2964 quum

106 2982 254 3051 vulgarem
282 2998 363 3034 usum
395 2981 430 3035 ds
463 2981 592 3051 partibus
624 2981 761 3052 aliquotis
793 2982 912 3038 unitatis
940 2983 1120 3053 Diophantus

108 3069 223 3125 omnino
248 3070 328 3139 sequi
345 3069 490 3138 videatur;
518 3070 611 3126 fateor
632 3073 729 3127 tamen
753 3071 923 3141 quibusdam
948 3075 978 3128 in
996 3073 1067 3129 locis
1086 3092 1121 3129 ea

108 3159 143 3213 de
161 3175 192 3213 re
210 3159 335 3230 graviter
349 3159 536 3214 dubitandum
550 3175 612 3214 esse
625 3177 773 3230 meamque
793 3161 964 3217 sententiam
983 3162 1014 3217 in
1029 3163 1120 3218 altero

106 3247 249 3302 volumine
268 3246 355 3302 altius
374 3247 569 3303 excutiendam
589 3249 658 3306 fore.
