2552 3980
275 218 606 270 ARITHMETIOORUM
623 219 732 269 LIBER
751 218 916 281 QUINTUS.
1035 216 1099 280 377

531 413 651 480 XXIV.

151 539 299 604 Invenire
322 541 390 602 tres
415 537 592 622 quadratos
615 538 663 602 ita
685 542 722 602 ut
742 537 892 602 binorum
913 538 1101 622 quorumvis
1121 557 1153 606 ar

83 645 262 730 productus
285 644 359 729 plus
382 644 507 709 unitate
529 644 631 709 faciet
654 645 858 728 quadratum.

149 751 312 828 Quoniam
339 772 458 835 quaero
492 754 595 834 U1><
612 753 749 834 Usi-1
780 751 885 816 faeere
915 755 961 830 [],
993 751 1102 816 omnia

83 858 116 924 in
142 862 203 943 U„
227 879 326 941 quum
350 857 528 941 quadratus
552 858 604 922 sit.
651 857 824 943 Oportebit
846 859 949 942 igitur

449 984 737 1068 mxmxm

12 1185 13 1208 ἦ
81 1104 157 1195 (hoe
182 1109 233 1172 est
255 1105 356 1170 trium
376 1105 593 1191 productum),
611 1106 686 1190 plus
711 1109 766 1191 Eg,
789 1105 896 1172 faeere
921 1110 963 1171 Π.
1009 1103 1101 1171 Simi-

12 1243 13 1278 1
83 1214 160 1279 liter
183 1212 376 1297 productus,
404 1213 454 1277 vel
477 1211 552 1296 plus
578 1215 638 1297 Ul,
667 1212 719 1277 vel
746 1213 821 1297 plus
846 1217 905 1297 U„
933 1213 1032 1278 faciet
1061 1217 1103 1278 U:

83 1319 146 1386 Sed
169 1320 233 1384 hoo
255 1319 322 1383 iam
342 1340 441 1403 supra
460 1319 714 1384 monstravimus
722 1315 762 1406 1);
785 1319 832 1382 ita
855 1319 953 1384 iidem
976 1319 1103 1385 numeri

80 1429 288 1512 praesentem
313 1445 441 1512 quoque
466 1424 687 1509 quaestionem
711 1425 850 1490 solvunt.

540 1670 643 1738 mu

9 1762 11 1896 l
150 1796 301 1863 Invenire
324 1800 392 1860 tres
416 1795 590 1880 quadratos
614 1797 661 1860 ita
683 1800 721 1860 ut
743 1795 896 1860 binorum
915 1799 1103 1880 quorumvis
1122 1814 1157 1864 28
1194 1812 1196 1816 '

9 1899 10 1908 ἦ
83 1905 264 1991 productus
287 1904 396 1967 minus
419 1902 546 1966 unitate
569 1901 670 1968 faeiat
696 1902 899 1987 quadratum.

16 2005 19 2014 Α
151 2010 271 2075 Omnia
293 2010 327 2074 in
353 2011 413 2094 05:
440 2009 488 2074 ita
513 2011 800 2092 [l1><[]2><ffl3
830 2007 906 2091 (hoo
929 2012 981 2073 est
1003 2010 1103 2074 trium
1149 2065 1152 2071 Α

62 2113 287 2208 productus),
314 2115 421 2180 minus
447 2119 506 2201 Ua,
533 2115 614 2180 facit
638 2119 681 2180 [l.
727 2113 884 2179 Similiter
907 2114 1007 2180 trium
1029 2138 1102 2200 pro·

81 2226 213 2306 duetus,
245 2222 352 2287 minus
385 2221 453 2287 sive
488 2223 534 2305 [ll
563 2224 630 2287 sive
661 2225 721 2306 U„
753 2221 833 2287 feeit
862 2225 904 2287 [l.
951 2220 1014 2288 Sed
1041 2223 1103 2287 hoe

83 2353 184 2418 supra
202 2332 423 2394 monstratum
443 2324 540 2415 est²);
560 2328 659 2393 iidem
678 2328 779 2415 igitur
796 2330 922 2394 numeri
940 2332 1102 2415 praesenti

84 2436 271 2525 quaestioni
294 2435 511 2501 satisfaciunt.

534 2666 653 2733 XXVI.

151 2792 301 2858 Invenire
324 2795 391 2855 tres
415 2791 592 2874 quadratos
616 2791 719 2857 itaut
740 2791 892 2857 binorum
914 2791 1102 2873 quorumvis
1122 2807 1156 2855 29

83 2900 264 2987 productus
288 2898 330 2962 ab
353 2898 481 2962 unitate
505 2895 692 2962 subtractus
716 2897 815 2961 faeiat
839 2896 1043 2982 quadratum.

153 3006 293 3095 Rursus,
328 3003 480 3088 quoniam
515 3001 700 3086 quaerimus
733 3002 884 3068 binorum
917 3004 1104 3087 quorumvis

83 3114 280 3201 productum
304 3110 346 3176 ab
371 3110 495 3174 unitate
519 3107 723 3172 subtractum
746 3107 852 3173 faeere
877 3112 920 3193 U,
943 3109 972 3173 si
995 3111 1105 3175 omnia

84 3219 343 3304 multiplicamus
366 3217 401 3280 in
423 3215 597 3299 reliquum,
627 3211 797 3277 deducitur
820 3215 969 3298 quaestio
993 3216 1034 3280 ad
1057 3216 1103 3279 in-

83 3327 279 3395 veniendum
300 3327 364 3388 tres
385 3342 534 3387 numeros
558 3316 764 3407 (quadratos)
784 3321 831 3383 ita
854 3323 892 3384 ut
914 3322 1013 3387 trium
1032 3343 1105 3407 pro-

158 3518 185 3587 1)
202 3515 236 3570 In
253 3513 429 3586 problemate
447 3515 481 3583 V,
495 3533 551 3568 xxx.

157 3593 185 3658 2)
204 3588 237 3641 In
255 3585 430 3656 problemate
448 3585 483 3654 V,
497 3604 562 3639 xxvr.
688 3589 692 3595 '
