2546 3986
152 197 221 262 456
400 199 488 250 ΠΕΡΙ
506 197 742 251 mmmmm
760 196 933 250 ΑΡιοΜαα.

649 437 679 496 γ.

217 553 297 620 Ἐάν
325 549 408 620 ὦσιν
436 551 575 640 ἀριθμοὶ
605 555 787 621 ὁποσοιοῦν
815 553 851 618 ἐν
880 559 933 640 ἴσῃ
962 553 1124 637 ὑπεροχῇ,
1159 551 1179 616 6

154 660 308 747 μέγιστος
334 659 390 726 καὶ
417 661 435 727 6
464 659 634 746 ἐλάχιστος
661 657 878 736 συντεθέντες
905 657 960 724 καὶ
987 663 1179 724 πολλαπλα-

155 765 350 845 σιασθέντες
373 765 426 833 έπδ
451 770 488 833 τὸ
507 773 637 853 πλῆθος
656 768 766 833 αὐτῶν
785 775 941 833 ποιοῦσιν
960 766 1107 852 ἀριθμὸν
1127 766 1179 829 δι-

127 874 297 940 οπλάσιον
319 884 380 940 τοῦ
404 871 622 958 συγκειμένου
646 873 772 939 ἐκτῶν
796 871 1007 938 ἐκτεθέντων.

212 979 385 1046 Ἔστωσαν
412 981 475 1066 γάρ
506 978 645 1065 ἀριθμοὶ
673 980 866 1063 ὁποσοιοῦν,
894 981 929 1044 οδ
955 984 997 1062 A,
1015 983 1056 1062 Β,
1075 981 1114 1061 Γ,
1133 981 1180 1061 A,

155 1093 194 1172 E,
219 1093 246 1152 Ζ
279 1085 316 1152 έν
349 1093 403 1172 λ’σχ
431 1087 591 1172 ὑπεροχῇ·
625 1083 772 1152 δεικτέον
800 1085 850 1150 ὅτι
881 1087 1131 1169 συναμφότερος
1160 1083 1179 1149 6

156 1200 196 1258 A.
217 1198 261 1277 Ζ,
288 1191 615 1270 πολλαπλασιασθεὶς
644 1191 699 1258 ἐπὶ
722 1195 758 1258 τὸ
782 1198 913 1277 πλῆθος
935 1201 1003 1258 τῶν
1026 1197 1069 1275 Α,
1082 1193 1124 1274 Β,
1138 1193 1179 1274 Γ,

155 1305 200 1384 A,
218 1303 258 1383 E,
278 1304 323 1385 Z,
350 1311 440 1366 ποιεϊ
460 1324 535 1366 τινα
563 1299 726 1386 ἀριθμόν,
754 1299 791 1376 ὅς
815 1299 883 1365 ἐστι
908 1300 1094 1364 διπλασίων
1117 1305 1180 1362 τοῦ

116 1425 142 1464 1⁰
156 1404 377 1492 συγκειμένου
400 1405 436 1471 ἐκ
458 1415 526 1472 τῶν
548 1412 591 1489 Α,
609 1410 650 1490 Β,
669 1408 708 1490 Γ,
727 1410 771 1488 A,
791 1409 831 1488 E,
851 1409 888 1470 Ζ.

227 1514 272 1578 Τὸ
300 1514 363 1598 γάρ
390 1517 520 1597 πλῆθος
542 1523 609 1577 τῶν
632 1517 675 1595 A,
689 1516 730 1595 Β,
744 1514 783 1594 Γ,
797 1515 841 1594 A,
856 1515 939 1595 Ε,Ζ
962 1511 1036 1592 ἤτοι
1060 1511 1178 1595 άρτιόν

157 1619 246 1686 ε’στιν
269 1619 289 1704 ἣ
312 1621 480 1707 περισσόν.

216 1725 322 1791 Ἔστω
341 1728 504 1812 πρότερον
522 1726 649 1810 ἄρτιον,
667 1722 722 1790 καλ
742 1724 815 1790 ὅσοι
830 1721 916 1789 εἰσὶν
933 1725 968 1790 οέ
980 1721 1181 1807 έκτεθέντες,

156 1843 314 1900 τοσαῦται
342 1832 484 1917 μονάδες
512 1834 659 1897 ἔστωσαν
687 1831 724 1897 έν
752 1841 797 1920 τῷ
824 1834 864 1894 Η
866 1834 895 1894 Θ
918 1829 1066 1918 άριθμςό·
1096 1829 1182 1900 ὥστε

118 1956 143 1996 1⁵
157 1941 271 2027 άρτιός
298 1939 388 2005 ἐστιν
415 1939 433 2004 6
461 1942 501 2002 Η
503 1941 540 2003 Θ.
591 1940 765 2023 τετμήσθω
794 1939 870 2022 δίχα
897 1946 943 2025 τῷ
972 1940 1019 2023 Κ,
1046 1933 1101 2005 καὶ
1131 1937 1181 2000 δι-

156 2049 297 2135 ῃρήσθω
317 2046 335 2112 6
354 2048 429 2109 ΗΚ
444 2048 492 2122 εάς
509 2046 567 2122 τάς
586 2045 622 2110 έν
641 2045 731 2132 αὐτῷ
749 2045 898 2128 μονάδας
916 2045 998 2110 κατὰ
1016 2045 1055 2109 τά
1074 2047 1117 2128 Λ,
1131 2046 1182 2106 Μ.

224 2150 292 2217 Καὶ
320 2148 389 2217 ἐπεὶ
417 2145 443 2240 ᾧ
467 2149 619 2237 ὑπερέχει
643 2152 661 2217 6
686 2155 713 2214 Ζ
736 2159 797 2216 τοῦ
820 2155 868 2234 A,
898 2151 1005 2240 τούτῳ
1029 2147 1182 2236 ὑπερέχει

157 2255 213 2323 καὶ
241 2258 259 2323 6
284 2261 316 2322 Γ
333 2265 395 2322 τοῦ
417 2264 465 2342 A,
494 2260 744 2344 συναμφότερος
766 2259 831 2344 άρα
854 2257 872 2323 6
897 2262 934 2323 Z.
953 2264 986 2322 A
1009 2273 1182 2341 συναμφο-

158 2360 242 2453 τέρῳ
265 2373 310 2452 τῷ
335 2367 371 2428 Γ.
390 2368 424 2427 A
448 2370 517 2442 ἴσος
535 2363 636 2430 ἐστίν.
681 2363 766 2429 άλλδι
787 2367 1039 2450 συναμφότερος
1058 2362 1076 2428 6
1097 2367 1134 2428 Z.
1148 2368 1182 2427 A

118 2489 145 2528 νο
160 2475 202 2534 λ’σ.
221 2478 266 2558 τῷ
285 2469 351 2537 ὑπὸ
371 2469 624 2558 συναμφοτέρου
644 2479 703 2536 τοῦ
724 2475 761 2535 Ζ.
782 2475 813 2534 A
835 2468 890 2535 καὶ
913 2481 974 2537 τοῦ
992 2473 1078 2534 HA·
1097 2470 1182 2534 ὥστε

158 2574 213 2641 καὶ
241 2577 259 2642 6
288 2579 325 2643 Γ.
343 2581 377 2640 A
405 2583 447 2642 λ’σ.
475 2586 520 2665 τῷ
549 2577 613 2642 ὑπὸ
642 2574 898 2662 συναμφοτέρου
926 2586 986 2643 τοῦ
1015 2582 1051 2642 Ζ.
1071 2583 1103 2640 Α
1126 2574 1183 2642 καὶ

158 2693 219 2748 τοῦ
247 2687 337 2748 AM·
366 2685 422 2748 διὰ
448 2685 488 2750 τδι
516 2683 599 2750 αὑτδι
627 2685 669 2768 δὴ
697 2680 752 2750 καὶ
776 2687 1029 2771 συναμφότερος
1053 2684 1071 2750 6
1095 2687 1133 2748 E.
1152 2685 1183 2746 B

161 2794 202 2854 λσ.
232 2797 278 2878 τῷ
310 2789 375 2856 ὑπὸ
408 2789 663 2877 συναμφοτέρου
696 2799 755 2857 τοῦ
789 2794 825 2855 Ζ.
851 2795 882 2854 Α
911 2789 966 2856 καὶ
998 2799 1058 2856 τοῦ
1090 2793 1181 2854 ΜΚ·

161 2896 244 2962 ὥστε
272 2893 327 2962 καὶ
354 2897 372 2962 6
400 2901 615 2982 συγκείμενος
644 2896 679 2962 έκ
708 2907 775 2961 τῶν
803 2902 845 2980 A,
864 2900 904 2980 B,
919 2899 958 2980 Γ,
972 2900 1015 2980 A,
1030 2900 1112 2982 E,Z
1137 2903 1182 2962 έσ.

120 3011 206 3089 εῠτῷ
229 3002 294 3068 ὑπὸ
318 3003 572 3090 συναμφοτέρου
595 3012 656 3069 τοῦ
680 3007 717 3067 Ζ.
736 3008 768 3067 A
791 2999 846 3068 καὶ
868 3010 929 3069 τοῦ
951 3005 1036 3066 ΗΚ·
1060 3011 1120 3069 τοῦ
1144 2999 1182 3069 δέ
1260 3013 1262 3018 ‘

234 3270 249 3319 5
272 3265 323 3320 τὸν
351 3267 532 3337 συγκείμενον
560 3267 636 3337 ΑΒ,.
728 3272 760 3319 11
785 3265 860 3337 ἤτοι]
885 3263 902 3334 ἢ
925 3265 1000 3320 κατὰ
1016 3265 1093 3337 AB„

163 3341 195 3389 15
216 3337 245 3389 δι
264 3344 300 3398 ῶς
318 3336 380 3393 ΑΒ.
462 3343 496 3392 20
515 3337 563 3410 ἴα]
583 3339 641 3400 ἴσος
660 3331 717 3391 έστλ
735 3337 782 3394 Ba
801 3336 882 3407 (item
900 3338 953 3407 23).
1036 3355 1183 3408 σνναμφο

161 3355 262 3478 τέρουό
276 3408 411 3480 -ρῷΑΒ,
434 3407 514 3480 (item
537 3415 580 3478 21,
600 3413 643 3478 23,
662 3410 717 3479 25).
809 3407 877 3462 ὥστε
898 3448 948 3463 ...
967 3411 1034 3462 AM
1049 3411 1106 3478 (θλ)
1126 3426 1180 3464 om.

160 3495 205 3565 Β,.
296 3501 328 3551 21
351 3497 398 3568 λα]
419 3498 476 3560 ἴσος
495 3495 573 3553 ἔσται
591 3498 646 3553 Βυ.
735 3506 791 3553 τῶν
811 3485 851 3564 {a}
863 3496 897 3552 A.
988 3500 1022 3552 23
1041 3498 1122 3568 MK]
1141 3518 1183 3568 ηκ

158 3564 239 3636 AB,
313 3570 346 3622 25
365 3575 415 3622 τοῦ
434 3566 477 3638 δὲ]
498 3567 528 3622 τὸ
548 3567 579 3623 δέ
598 3568 673 3640 AB„
