2548 3962
274 138 605 188 ARITHMETICORUM
623 140 733 190 LIBER
752 141 949 196 SECUNDUS.

174 297 224 364 Ut
254 302 365 363 autem
393 299 527 384 duplam
558 299 786 384 aequationem
816 302 971 387 vitemus,
1004 304 1050 368 sio
1079 304 1131 368 de-

104 405 361 472 monstrandum
386 409 455 469 est:

174 513 332 578 Numeris
369 513 390 576 2
424 517 456 576 et
488 514 509 576 3
547 512 647 596 datia,
683 513 829 578 invenire
864 504 1037 580 numerum
1074 517 1130 600 qui

104 621 239 705 utrique
265 619 395 683 additus
418 618 518 683 faeiat
542 618 746 703 quadratum.

175 725 306 802 Quaero
325 727 415 810 prius
433 747 601 789 numerum
625 727 681 810 qui
701 727 862 810 accipiens
882 729 903 791 2
925 727 1027 792 faeiat
1051 750 1129 813 qus-

106 835 253 916 dratum,
291 833 343 896 vel
375 833 432 916 qui
462 833 622 917 accipiens
657 835 677 897 3
709 833 809 898 faciat
842 835 1045 918 quadratum.
1097 835 1129 900 A

105 961 315 1024 quocumque
334 939 492 1024 quadrato
513 938 705 1003 subtraham
724 941 878 1025 unitates,
896 940 1044 1005 residuus
1065 943 1128 1006 erit

104 1045 285 1130 quaesitus
332 1043 508 1109 Sumuntur
530 1046 596 1110 iam
621 1045 809 1111 auritatae
834 1052 866 1111 et
889 1047 1127 1113 subtrahantur

104 1154 146 1216 ab
169 1149 216 1218 αθ.
262 1150 423 1216 Remanet
449 1149 579 1218 „re-2
607 1155 640 1216 et
666 1156 773 1238 patet,
807 1153 836 1218 si
864 1154 964 1218 addas
987 1157 1023 1239 2,
1055 1156 1127 1219 fieri

106 1260 312 1346 quadratum.
856 1343 857 1346 Ἴ

171 1367 290 1431 Restat
309 1369 346 1430 ut
364 1364 510 1430 addendo
530 1368 551 1430 3
570 1365 628 1428 fiat
648 1364 841 1451 quadratus3
861 1366 916 1430 sed
937 1368 965 1431 si
980 1367 1080 1433 addas
1095 1369 1125 1453 3,

103 1476 141 1540 fit
163 1471 201 1540 ³5²
217 1477 258 1555 -Ι-
275 1476 304 1538 1.
350 1471 419 1536 Ista
443 1474 622 1557 aequentur
646 1473 813 1555 quadrato,

130 1651 134 1658 ,
169 1580 292 1645 Formo
330 1579 525 1663 quadratum
562 1578 603 1642 ab
640 1599 663 1642 a
700 1579 807 1642 minus
852 1578 1033 1644 unitatibus
1076 1580 1124 1644 ia

103 1688 245 1771 sumptis
269 1688 306 1750 ut
329 1685 421 1750 valor
443 1683 478 1749 a²
502 1687 634 1769 superet
657 1683 802 1748 unitates
822 1688 918 1749 antea
940 1686 1065 1769 positas
1089 1687 1124 1750 in

101 1794 294 1880 negatione,
319 1814 436 1884 nempe
467 1792 501 1854 in
528 1791 693 1875 praesenti
721 1792 742 1855 2
771 1791 930 1874 unitates3
961 1792 1008 1855 ita
1037 1793 1123 1858 enim

101 1923 216 1966 rursus
245 1900 279 1964 in
307 1902 445 1982 utraque
468 1902 561 1983 parte
589 1919 653 1962 una
677 1896 800 1980 speeies
824 1897 882 1961 uni
905 1897 1051 1983 aequalis
1075 1920 1125 1962 re-

101 2006 257 2072 manebit.
303 2004 386 2070 Esto
410 2005 497 2070 aba
513 2041 551 2050 -
568 2005 598 2069 4.
645 2003 829 2079 Quadratus
852 2004 922 2089 ipse
946 2004 1009 2069 erit

208 2128 244 2195 a²
261 2132 301 2211 -{-
319 2131 360 2195 16
375 2167 419 2174 -
434 2130 495 2213 aa,
541 2150 623 2213 quae
647 2131 827 2212 aequentur
870 2125 907 2193 a²
923 2129 962 2210 -Ι-
981 2129 1009 2194 1.

99 2273 275 2358 Utrimque
304 2271 464 2336 addantur
490 2274 612 2355 negata
640 2273 673 2334 et
702 2271 891 2336 auferantur
914 2293 934 2336 a
958 2271 1124 2338 similibus

99 2380 232 2445 similia.
277 2378 461 2442 Remanent

366 2519 530 2586 aa=15
576 2519 670 2583 aas
713 2485 860 2624 μζ.

163 2714 218 2780 Ad
241 2715 431 2800 positiones.
476 2713 553 2778 Erit
581 2714 744 2778 addendus
767 2682 823 2819 {71-

572 2961 645 3028 XII.
736 3009 739 3014 -

162 3087 194 3153 A
217 3086 343 3151 duobus
363 3086 448 3151 datis
467 3086 611 3152 numeris
631 3086 823 3151 subtrahere
847 3088 984 3152 eundem
1004 3111 1114 3156 nume·
1136 3111 1169 3160 13

96 3218 166 3260 rum
193 3197 226 3259 et
250 3195 424 3278 utrumque
448 3193 614 3258 residuum
636 3194 743 3257 faeere
768 3192 972 3278 quadratum.

28 3489 32 3496 .
97 3456 149 3494 om.
168 3440 200 3496 B.
295 3445 328 3494 17
349 3435 416 3492 ἔστω
435 3438 483 3510 δὴ]
505 3437 612 3493 ἔστιδὲ
631 3438 664 3507 Α,
685 3438 751 3494 tuto
770 3439 803 3496 Β.
892 3440 1114 3498 oseaeuna

96 3517 137 3581 (1⁸
149 3515 209 3582 m),
229 3508 345 3580 supplet
362 3510 429 3579 post
447 3508 593 3565 δοθέντων
612 3509 667 3566 Bo.

916 3601 951 3655 7*
