2536 3970
279 193 607 246 ARITMHETIOORUM
624 195 734 244 LIBER
751 194 893 248 PRIMUS.
1074 193 1094 257 5

145 355 219 420 aliis
243 355 453 439 biquadratis,
477 355 532 439 qui
555 355 638 420 fiunt
661 377 699 420 ex
724 354 891 438 quadratis
910 355 944 420 in
968 355 1094 440 seipsos

82 462 319 548 multiplicatis3

147 569 221 634 aliis
239 570 475 651 quadratorum
495 569 642 653 [quintae
661 569 855 654 potentiae],
878 568 932 652 qui
952 569 1036 633 fiunt
1056 591 1094 632 ex

84 675 249 760 quadratis
278 675 504 761 multiplicatis
532 677 567 741 in
594 675 694 742 cubos
723 676 764 740 ab
793 675 905 740 eadem
939 697 1002 760 qua
1030 674 1095 760 ipsi

81 783 199 866 radice3

146 889 220 954 aliis
238 890 396 956 oubocubr's
415 893 539 972 [sextae
558 889 750 974 potentiae],
769 891 824 975 qui
843 890 926 953 fiunt
944 910 982 953 ex
1002 887 1094 953 cubis

80 996 113 1060 in
136 995 260 1081 seipsos
284 997 524 1082 multiplicatis3

144 1102 278 1168 illorum
320 1105 387 1169 sive
428 1104 609 1187 additione,
650 1101 717 1169 sive
751 1103 988 1185 subtractione,
1016 1101 1093 1166 sive

80 1209 362 1294 multiplicatione,
393 1210 461 1275 sive
484 1209 642 1276 divisione
666 1209 718 1274 vel
741 1209 827 1274 inter
851 1230 884 1272 se
908 1208 959 1273 vel
983 1208 1092 1293 singu·

79 1316 184 1380 lorum
215 1338 288 1381 cum
311 1317 453 1401 propriis
476 1317 649 1399 radicibus,
680 1315 841 1400 contingit
864 1314 930 1380 texi
954 1313 1096 1398 plurima

78 1424 283 1507 problemata
306 1423 524 1504 arithmetica,
555 1423 726 1488 solvuntur
750 1442 841 1504 vero,
865 1421 893 1484 si
917 1417 987 1484 eam
1013 1441 1095 1504 quae

80 1528 216 1594 subinde
240 1529 429 1596 ostendetur
451 1529 538 1593 viam
562 1528 711 1614 gradiris.

145 1632 356 1720 Compertum
380 1638 431 1699 est
449 1635 580 1699 illorum
604 1655 812 1699 numerorum
832 1655 1001 1716 quemque,
1023 1627 1149 1721 bre-23¹·

79 1740 205 1805 viorem
229 1741 488 1825 designationem
516 1746 662 1825 nactum,
693 1739 840 1803 theoriae
869 1737 1095 1802 arithmeticae

78 1847 273 1910 elementum
297 1868 376 1912 esse.

145 1954 196 2018 Ita
220 1957 354 2019 vocatur
372 1953 425 2018 hic
444 1952 584 2038 quidem,
608 1951 784 2036 quadratus
803 1972 930 2036 nempe,
952 1950 1098 2034 dynamis

77 2066 111 2127 et
133 2066 184 2126 est
206 2060 303 2124 huius
327 2059 457 2144 signum
481 2062 514 2122 Δ
537 2059 661 2123 habens
688 2064 718 2122 Y
735 2057 888 2123 indicem:
913 2055 969 2120 ΔΥ
986 2054 1055 2138 [αλλ

143 2166 205 2231 Ille
230 2172 339 2232 autem
362 2167 455 2232 cubus
479 2169 512 2230 et
531 2169 582 2231 est
603 2165 693 2230 illius
718 2166 848 2252 signum
868 2167 903 2228 K
922 2164 1046 2229 habens
1072 2166 1100 2224 Y

75 2273 230 2339 indicem:
254 2270 311 2336 ΚΥ
327 2269 397 2353 [αλ]Ι

145 2379 206 2456 Qui
241 2402 317 2444 vero
347 2401 384 2444 ex
419 2379 577 2464 quadrato
604 2379 639 2442 in
670 2401 704 2443 se
731 2378 840 2462 ipsum
868 2376 1097 2460 multiplicato,

75 2487 369 2570 dynamodycamis,
398 2486 488 2551 ouius
512 2485 642 2570 signum
674 2491 723 2550 est
746 2485 809 2550 duc
832 2487 866 2546 Δ
888 2482 1045 2548 habentia
1072 2486 1101 2544 Y

74 2592 229 2657 indicem:
253 2591 328 2656 AYA
344 2591 416 2675 [αλλ

145 2697 208 2774 Qui
232 2721 270 2763 ex
303 2699 462 2783 quadrato
485 2699 520 2764 in
543 2699 662 2764 cubum
686 2698 727 2782 ab
752 2698 863 2763 eadem
892 2696 1000 2761 radice
1031 2716 1096 2779 qua

75 2808 148 2890 ipse
172 2805 402 2888 multiplicato,
425 2805 659 2886 dquamocubus,
682 2803 773 2869 cuius
794 2802 925 2888 signum
944 2807 995 2866 est
1017 2803 1051 2862 Δ
1057 2801 1096 2881 Κ,

72 2912 234 2977 babentia
260 2917 289 2975 Τ
308 2911 460 2976 indicem:
484 2909 584 2975 ΛΚΥ
598 2910 669 2992 [x⁵].

144 3015 207 3094 Qui
226 3040 264 3082 ex
283 3018 366 3084 cubo
387 3019 527 3102 seipsum
545 3017 794 3102 multiplicante,
810 3016 986 3096 cubocubas,
1007 3013 1096 3079 cuius

72 3125 206 3209 signum
231 3128 280 3189 est
304 3125 366 3188 duo
390 3127 432 3207 K,
454 3124 609 3190 habentia
635 3131 664 3189 Y
683 3124 835 3208 indicem:
859 3122 945 3187 ΚΥΚ
960 3122 1031 3206 [αλλ

73 3353 153 3420 (post
172 3334 232 3421 ΚΥ)
252 3369 305 3406 om.
325 3351 356 3407 Β.
441 3357 473 3406 19
491 3356 625 3407 πολλαπλ.
647 3353 710 3408 ΑΒ.
792 3358 825 3407 21
847 3350 947 3422 ἔχοντα
966 3370 1020 3408 om.
1039 3353 1093 3407 Bu.

109 3428 145 3476 23
169 3423 428 3486 πολλαπλασιασθεὶς
456 3423 492 3491 Α,
521 3423 799 3486 πολλαπλασιασθεὶς
826 3424 861 3491 Β,
887 3427 1096 3478 πολλαπλασια-

71 3491 195 3557 σθέντος
214 3510 283 3549 corr.
303 3494 356 3549 Bo.
441 3500 475 3547 24
493 3495 538 3564 τὰ]
559 3495 589 3550 τὸ
609 3495 694 3565 ΑΒα,
715 3513 768 3551 om.
788 3494 819 3550 B.
900 3492 1011 3566 ἔχοντα]
1032 3491 1099 3563 ἔχον

69 3565 104 3620 τὸ
125 3565 180 3620 Βα.
255 3571 289 3619 25
308 3564 505 3638 δυναμόκυβος
524 3583 576 3621 om.
596 3565 627 3622 B.
702 3574 736 3622 26
754 3569 888 3621 πολλαπλ.
908 3566 939 3620 Β.
