2536 3970
22 3668 85 3690 Q

165 203 208 268 64
515 203 771 256 mmmmm
790 207 820 257 Α.
870 270 874 278 Ι

237 366 393 452 Τετάχθω
422 367 463 450 66
491 365 511 449 6
539 364 686 450 ὑπεροχὴ
716 363 827 430 αὐτῶν
850 381 869 432 5
883 351 914 450 6.
954 363 1020 430 1παὶ
1053 368 1138 431 ἔστω
1167 365 1186 432 6

165 475 285 556 μείζων
312 483 367 540 βᾶ
390 471 444 538 καὶ
466 459 534 538 Μ
521 500 548 556 ι,
575 482 642 536 τῶν
668 470 814 554 ἡμίσεων
841 472 942 536 πάλιν
968 482 1029 538 τοῦ
1062 473 1188 538 συνθύ-

166 602 284 664 ματος,
314 577 331 644 6
361 576 398 644 δὲ
426 578 575 645 ἐλάσσων
598 565 666 642 Μ·
653 606 663 642 ι
679 581 713 649 λι
728 593 747 644 s
761 588 792 643 ᾶ.
837 576 892 643 καὶ
912 577 1004 662 μένει
1026 579 1129 644 πάλιν
1147 577 1186 644 τὸ

165 684 226 770 μὲν
250 687 402 771 σύνθεμα
424 685 536 751 αὐτῶν
560 671 632 750 M
613 707 644 766 κ,
667 685 688 768 6
712 682 748 750 6
772 686 917 771 ὑπεροχὴ
941 670 1005 770 56.

139 831 152 870 ο
234 815 352 878 λοιπόν
381 810 449 876 ἐστι
481 808 595 875 καὶ
563 833 600 874 το
630 811 783 894 σύνθεμα
810 820 877 875 τῶν
905 807 961 875 ἀπ’
992 810 1103 876 αὐτῶν
1134 811 1187 875 τἐ-

165 920 345 1005 τραγώνων
377 927 486 982 ποιεῖν
512 904 557 982 M
566 917 623 999 σῖγ’
656 915 739 983 ἄλλά
771 917 808 982 τὸ
842 917 996 1001 σύνθεμα
1026 927 1093 982 τῶν
1126 913 1184 982 ἀπ’

166 1024 277 1091 αὐτῶν
304 1024 518 1109 τετραγώνων
540 1034 631 1088 ποιεῖ
652 1022 707 1086 ΛΥ
712 1028 734 1108 6
748 1011 793 1088 M
800 1025 831 1088 “σ.
871 1033 974 1089 ταῦτα
998 1030 1053 1089 ῐσα
1075 1009 1122 1088 Μ
1129 1026 1187 1108 σῇ,

166 1128 370 1214 καὶγίνεται
396 1129 414 1195 6
438 1145 457 1197 5
480 1114 525 1194 Μ
528 1134 558 1214 6

234 1253 287 1320 ἐπὶ
310 1256 368 1332 τάς
389 1254 596 1330 ὑποστάσεις.
642 1256 732 1319 ἔσται
760 1254 778 1319 6
806 1249 867 1338 μὲν
895 1259 1015 1338 μείζων
1037 1239 1082 1321 Μ
1085 1241 1139 1342 ἷβ,
1167 1257 1185 1322 6

128 1357 205 1426 1066
228 1361 377 1426 ἐλάσσων
399 1348 444 1426 M
452 1366 483 1438 ἣ.
529 1358 584 1425 καὶ
606 1367 741 1427 ποιοῦσι
764 1362 804 1427 τὰ
826 1370 884 1445 τῆς
906 1362 1103 1446 προτάσεως.

647 1634 702 1692 κθ.

233 1753 358 1837 Εὑρεῖν
382 1753 444 1819 δύο
468 1751 633 1838 ἀριθμοὺς
656 1752 743 1828 ὅπως
769 1749 823 1816 καὶ
847 1751 866 1834 6
891 1752 1051 1829 σύνθεσις
1073 1753 1185 1819 αύτών

166 1857 222 1925 καὶ
248 1859 268 1943 6
297 1860 442 1945 ὑπεροχὴ
470 1870 538 1924 τών
565 1855 620 1924 ἀπ’
648 1843 756 1924 αύτών
785 1860 1003 1945 τετραγώνων
1025 1868 1104 1944 ποιῇ
1128 1861 1185 1926 60-

166 1965 288 2043 θέντας
311 1965 484 2051 ἀριθμούς.

127 2113 152 2152 ιε
230 2086 451 2174 Ἐπιτετάχθω
482 2089 523 2172 66
551 2087 612 2170 τὴν
645 2084 706 2171 μὲν
738 2088 900 2153 σύνθεσιν
934 2087 1043 2154 αὐτῶν
1074 2101 1184 2156 ποιεῖν
1222 2154 1230 2160 .

165 2182 210 2261 M
219 2199 254 2278 ἵε,
285 2195 346 2278 τὴν
375 2190 411 2258 66
444 2194 610 2279 ὑπεροχὴν
638 2205 704 2260 τῶν
736 2191 791 2260 ἀπ’
824 2194 935 2260 αὐτῶν
965 2198 1182 2280 τετραγώνων

165 2312 274 2368 ποιεῖν
296 2286 341 2365 M
349 2300 382 2366 π.
603 2375 605 2378 ,
645 2313 651 2322 “

237 2425 392 2509 Τετάχθω
420 2424 440 2507 6
468 2425 613 2512 ὑπεροχὴ
642 2425 752 2491 αὐτῶν
780 2411 844 2510 56.
895 2428 985 2491 ἔσται
1014 2426 1136 2510 ὁμοίως
1164 2428 1183 2493 6

165 2528 227 2616 μὲν
258 2535 378 2615 μείζων
410 2520 561 2616 ΞιᾶΜῑ,
593 2530 610 2597 6
645 2528 681 2596 δὲ
714 2530 865 2597 ἐλάσσων
893 2518 938 2597 Μ
947 2543 1096 2618 ῑιΜᾶ,
1128 2533 1181 2600 καλ

125 2662 151 2700 εο
166 2637 258 2722 μένει
280 2638 382 2702 πάλιν
399 2636 437 2702 τὸ
461 2634 523 2722 μὲν
546 2639 699 2721 σύνθεμα
722 2639 833 2704 αὐτῶν
855 2627 900 2718 M
908 2642 945 2723 εἰ,
972 2640 992 2723 6
1022 2636 1060 2705 δὲ
1082 2641 1183 2728 ὑπερ-

167 2745 227 2831 οιλ
251 2749 314 2829 ⁵6·

233 2871 351 2934 λοιπόν
382 2869 450 2934 ἐστι
473 2869 614 2953 καλιὴν
636 2869 804 2954 ὑπεροχὴν
827 2881 894 2935 τών
918 2869 972 2936 ἀπ’
999 2872 1110 2937 αύτών
1133 2894 1184 2936 τε-

167 2977 346 3059 τραγώνων
364 2987 473 3043 ποιεῖν
491 2963 561 3041 Μ
544 2996 579 3040 π
605 2973 675 3041 ἀλλ’
699 2976 886 3062 ἡύπεροχὴ
906 2988 973 3042 τῶν
995 2975 1050 3042 ἀπ’
1073 2978 1185 3044 αὐτῶν

167 3084 383 3167 τετραγώνων
406 3081 495 3148 ἐστὶν
518 3098 587 3166 5μ
611 3093 713 3147 ταῦτα
737 3090 792 3148 ἴσα
814 3070 886 3148 Μ
867 3105 899 3150 π.

128 3225 154 3266 τε
234 3205 289 3271 καὶ
308 3207 484 3290 συνάγεται
503 3207 604 3273 πάλιν
623 3207 640 3272 6
659 3204 811 3291 μλνζ
739 3211 811 3291 μείζ
811 3232 858 3273 ων
876 3213 921 3274 Μ
926 3212 972 3292 ιβ,
995 3209 1013 3275 6
1033 3204 1069 3273 δὲ
1090 3207 1184 3274 ἐλάσ-

168 3332 238 3379 σων
260 3300 344 3395 Μῐμ
390 3311 445 3378 καὶ
468 3314 569 3402 πάλιν
591 3315 727 3380 ποιοῦσι
749 3313 786 3379 τὸ
812 3317 996 3399 πρόβλημα.

241 3585 254 3632 1
274 3579 305 3650 6]
323 3577 341 3645 6
361 3577 413 3648 μὲν
431 3576 462 3630 Β.
536 3583 568 3630 13
588 3585 665 3631 ποιεῖ
682 3578 737 3632 Βα.
