2546 3986
96 130 163 194 474
339 132 427 183 nm
446 131 683 186 Πολννιεωωω
700 131 875 186 ΑΡιοιιωτι.

34 372 37 378 ,
96 293 132 370 ὅς
158 291 248 358 έστιν
277 298 347 370 λ’σος
374 300 419 380 τῷ
447 292 518 372 Νξ·
552 294 634 359 ὥστε
662 292 779 377 ἕξομεν
808 292 863 358 καὶ
891 295 950 359 τὸν
977 293 1031 372 K}
1060 295 1118 360 δο-

93 397 213 483 θέντα,
243 396 375 485 ἐπείπερ
404 400 486 477 δυάς
508 398 598 465 ἐστιν
626 400 706 466 δΝ
708 403 752 463 Κ·
782 401 864 466 ὥστε
892 397 946 466 καὶ
969 402 1028 465 τὸν
1052 400 1116 467 άπὸ

93 515 154 582 τοῦ
186 505 239 584 Κξ
272 505 388 590 ἕξομεν
416 505 575 590 δοθέντα,
608 505 663 572 καὶ
691 506 755 572 άπὸ
783 507 903 573 τούτου
936 505 1115 592 ἀφελόντες

93 613 152 678 τὸν
180 612 244 677 άπὸ
272 623 333 680 τοῦ
360 616 428 677 ΝΒ
453 617 513 679 [λον
537 615 616 680 ὄντα
641 610 801 698 δοθέντα,
831 612 948 698 ἕξομεν
974 611 1029 678 καὶ
1053 615 1114 679 τὸν

66 720 212 784 ελοιπὸν
236 717 395 804 δοθέντα,
423 719 459 797 ὅς
487 718 577 786 ἐστιν
604 728 664 786 τοῦ
689 718 889 805 ζητουμένου
912 721 1111 802 πολυγώνου

91 829 348 892 πολλαπλασίων
380 826 461 892 κατά
493 829 552 891 τὸν
580 826 801 893 ὀκταπλάσιον
828 837 889 892 τοῦ
917 830 996 891 ΚΒ·
1029 826 1113 890 ὥστε

92 933 224 1019 εὑρετάς
247 931 337 998 ἐστιν
361 932 379 998 ὁ
404 933 602 1016 ζητούμενος
624 935 826 1016 πολύγωνος.

153 1037 291 1123 Ὁμοίως
315 1036 352 1104 δὲ
374 1037 429 1104 ναὶ
447 1041 645 1123 πολυγώνου
666 1037 828 1116 δοθέντος
846 1038 1031 1125 εὑρήσομεν
1049 1041 1111 1123 τήν

90 1146 238 1232 πλευράν
261 1145 365 1214 αὐτοῦ
387 1147 447 1212 τὸν
470 1151 506 1210 H
511 1150 548 1210 Θ.
595 1146 675 1232 ὅπερ
699 1147 766 1210 ἔδει
793 1144 905 1223 δεῖξαι.

517 1291 677 1298 -α--ω-ι

50 1414 76 1453 ιο
156 1396 489 1480 Λιδασιιαλιιιώτερον
518 1391 555 1459 δὲ
578 1393 796 1478 ύποδείξομεν
819 1392 874 1458 καὶ
897 1403 966 1470 τοῖς
989 1396 1111 1477 βουλο-

89 1497 208 1583 μένοις
224 1500 367 1587 εὐχερῶς
389 1499 525 1566 ἀκούειν
547 1501 587 1565 τδι
611 1502 793 1584 ζητούμενα
817 1501 873 1564 διὰ
898 1501 1063 1583 μεθόδων.

156 1610 325 1690 Λαβόντες
358 1608 419 1694 γάρ
451 1610 514 1692 τήν
542 1609 691 1694 πλευράν
718 1615 779 1672 τοῦ
810 1607 1024 1690 πολυγώνου,
1058 1604 1110 1671 άεὶ
1187 1661 1190 1668 ,

89 1714 379 1798 διπλασιάσαντες,
415 1713 603 1800 άφελοῦμεν
635 1715 781 1799 μονάδα,
813 1711 868 1778 καὶ
899 1715 959 1778 τὸν
991 1714 1110 1778 λοιπὸν

87 1821 434 1898 πολλαπλασιάσαντες
462 1819 515 1886 ἐπὶ
543 1823 602 1887 τὸν
631 1821 729 1886 δυάδι
758 1819 922 1885 ἐλάσσονα
944 1828 1004 1885 τοῦ
1027 1820 1110 1902 πλή-

49 1942 74 1983 15
87 1933 173 2004 θους
195 1937 262 1991 τῶν
286 1938 431 2012 γωνιῶν,
458 1925 513 1992 καὶ
535 1935 581 2015 τςό
605 1924 773 2014 γενομένῳ
796 1927 1034 2011 προσθήσομεν
1057 1923 1108 1990 ἀεὶ

88 2034 212 2117 δυάδα,
248 2031 303 2098 καὶ
340 2034 497 2116 λαβόντες
533 2035 591 2099 τὸν
626 2031 690 2097 άπὸ
722 2041 783 2097 τοῦ
815 2028 997 2114 γενομένου
1036 2033 1107 2114 0⁰⁹,

87 2139 275 2225 άφελοῦμεν
304 2133 358 2204 ἀπ’
385 2139 489 2204 αὐτοῦ
517 2141 575 2204 τὸν
604 2139 667 2204 άπὸ
691 2147 750 2203 τοῦ
773 2137 905 2222 τετράδι
929 2136 1108 2214 ἐλάσσονος

86 2254 146 2310 τοῦ
168 2248 320 2328 πλήθους
342 2256 409 2309 τῶν
432 2255 581 2329 γωνιῶν,
609 2244 664 2310 παὶ
691 2246 750 2310 τὸν
774 2245 892 2309 λοιπὸν
916 2245 1109 2329 μερίσαντες

87 2353 133 2429 εἰς
164 2352 223 2417 τὸν
254 2345 313 2435 η”ῑ-
341 2361 402 2416 τοῦ
433 2351 533 2416 δυάδι
567 2350 747 2428 ἐλάσσονος
773 2361 834 2416 τοῦ
860 2353 1013 2434 πλήθους
1039 2363 1106 2416 τῶν

46 2475 73 2514 20
86 2469 231 2544 γωνιῶν,
253 2459 439 2545 εὑρήσομεν
462 2461 521 2530 τὸν
546 2460 746 2544 ζητούμενον
768 2459 976 2540 πολύγωνον.

152 2565 263 2630 Πάλιν
288 2561 324 2630 δὲ
348 2565 452 2630 αὐτοῦ
474 2575 536 2632 τοῦ
555 2567 754 2650 πολυγώνου
774 2564 946 2648 δοθέντος,
968 2564 1106 2651 εὑρήσο-

85 2695 146 2756 μεν
170 2672 275 2749 ούτως
292 2674 353 2756 τήν
371 2672 533 2758 πλευράν·
556 2671 904 2748 πολλαπλασιάσαντες
921 2671 985 2757 γάρ
1003 2670 1106 2737 αὐτὸν

85 2776 138 2844 ἐπὶ
169 2782 228 2846 τὸν
260 2775 319 2863 η”λ-
346 2788 406 2845 τοῦ
434 2779 534 2844 δυάδι
564 2777 743 2856 έλάσσονος
771 2787 832 2844 τοῦ
858 2779 1011 2860 πλήθους
1038 2789 1106 2843 τῶν

83 2897 228 2970 γωνιῶν,
250 2884 304 2951 καὶ
327 2894 372 2974 τῶ
397 2883 565 2975 γενομένῳ
584 2884 787 2972 προσθέντες
810 2887 869 2950 τὸν
889 2883 1032 2950 ἀπὸτοῦ
1055 2908 1105 2950 τε-

44 3005 70 3046 2⁵
84 2992 180 3078 τράδι
202 2990 382 3069 ἐλάσσονος
404 3001 465 3058 τοῦ
487 2995 640 3077 πλήθους
662 3002 728 3056 τῶν
752 3002 885 3075 γωνιῶν
910 2995 981 3075 ΠΝ,
1006 2991 1104 3077 εὑρή-

83 3113 185 3182 σομεν
210 3100 280 3181 Πολ,
308 3097 428 3181 ἐάνπερ
453 3091 475 3185 ή
499 3097 517 3163 ὁ
541 3096 728 3184 ἐπιταχθεὶς
745 3098 952 3181 πολύγωνος·
980 3099 1102 3164 τούτου

83 3200 120 3268 δὲ
151 3213 212 3270 τοῦ
243 3204 453 3290 τετραγώνου
485 3204 549 3270 άπὸ
582 3214 639 3289 τής
670 3208 813 3290 πλευράς
841 3204 1020 3290 ἀφελόντες
1052 3202 1103 3269 άελ

82 3310 201 3394 δυάδα,
230 3311 290 3375 τὸν
313 3313 430 3375 λοιπὸν
454 3314 633 3396 μερλσομεν
656 3308 709 3376 ἐπὶ
732 3312 791 3376 τὸν
815 3311 914 3376 δυάδι
938 3308 1102 3376 ἐλάσσονα

153 3507 242 3556 1τῶν
262 3504 276 3568 ξ
294 3500 328 3572 Α,
353 3511 391 3556 τῶ
414 3503 428 3568 ξ
453 3502 495 3572 Β,.
587 3499 741 3572 ώστέξομεν
766 3503 798 3561 Α.
891 3503 1025 3560 3τούτοο
1044 3505 1101 3576 Βα,
