2536 3970
253 940 547 1016 DIOPHANTI
574 911 934 1017 ALEXANDRINI
998 1001 1000 1004 .

288 1097 618 1148 nersnnnmconuu
636 1097 746 1148 menn
764 1097 906 1150 Penius.

154 1326 355 1393 Solutionem
388 1327 668 1393 arithmeticorum
703 1329 944 1412 problematum
981 1329 1103 1395 discen-

84 1434 175 1518 dam,
207 1433 458 1500 honoratissime
485 1435 567 1498 mihi
597 1433 743 1520 Dionysi,
776 1457 876 1519 quum
907 1439 940 1500 te
972 1458 1102 1501 nossem

85 1539 175 1604 cordi
193 1539 323 1624 habere,
341 1541 475 1626 tentavi,
498 1541 594 1606 initio
614 1544 745 1625 sumpto
766 1541 806 1606 ab
826 1541 868 1605 iis
887 1541 1005 1626 quibus
1030 1563 1103 1607 con-

85 1646 205 1712 stituta
236 1651 286 1712 est
305 1648 444 1712 materia
466 1647 696 1724 fundamentis,
719 1667 929 1712 numerorum
953 1651 987 1712 et
1009 1650 1102 1712 natu-

85 1775 158 1817 ram
181 1756 215 1816 et
238 1753 306 1817 vim
330 1773 498 1834 exponere.

5 1849 7 1852 ¹
153 1857 307 1922 Fortasse
330 1855 492 1921 difficilior
511 1856 640 1921 videtur
663 1877 714 1920 res
738 1879 820 1941 quae
844 1856 987 1921 nondum
1011 1857 1102 1922 fami-

84 1965 174 2029 liaris
212 1968 278 2046 est,
315 1985 391 2028 nam
429 1962 515 2027 male
553 1965 689 2048 sperant
725 1955 950 2045 incipientium
988 1963 1102 2048 animi3

83 2074 240 2156 prompta
249 2075 360 2136 tamen
369 2069 508 2153 tibifiet,
523 2067 704 2134 alacritatis
714 2072 790 2134 tuae
802 2069 1103 2134 demonstrationis-

85 2201 148 2263 que
180 2199 271 2242 meae
304 2176 424 2262 gratia,
461 2176 547 2241 oeler
580 2175 665 2240 enim
693 2177 728 2240 in
755 2175 908 2240 discendo
941 2176 1102 2261 cupiditas

85 2285 268 2349 doctrinam
292 2284 462 2369 accipiens.

154 2389 215 2455 Sed
230 2396 264 2454 et
277 2391 357 2454 haec
371 2390 459 2454 nosti
473 2393 505 2454 et
525 2410 638 2454 omnes
652 2409 805 2452 numeros
820 2388 1018 2472 compositos
1033 2387 1155 2480 essefo·

85 2519 126 2561 ex
145 2497 255 2581 aliqua
273 2496 436 2560 unitatum
455 2496 652 2580 quantitate;
671 2495 795 2560 clarum
814 2494 918 2559 estin
936 2494 1101 2559 infinitum

84 2602 240 2688 progredi
263 2606 482 2688 augmentum.
524 2601 615 2666 Inter
638 2623 693 2666 eos
718 2601 949 2666 exsistentibus
971 2623 1102 2686 nempe:

153 2709 228 2774 aliis
252 2709 382 2793 quidem
406 2709 570 2793 quadratis
595 2708 651 2793 qui
669 2707 753 2773 fiunt
775 2730 814 2771 ex
838 2707 947 2792 aliquo
966 2729 1101 2773 numero

82 2816 119 2880 in
148 2816 292 2899 seipsum
320 2814 554 2900 multiplicato,
589 2815 645 2899 qui
667 2836 820 2879 numerus
854 2817 988 2879 vocatur
1020 2815 1102 2879 lutus

84 2921 206 3006 [radix]
232 2921 397 3006 quadrati,

152 3027 226 3093 aliis
251 3049 325 3092 vero
350 3027 456 3112 cubis,
483 3027 539 3112 qui
561 3027 644 3092 fiunt
667 3049 706 3092 ex
730 3027 897 3112 quadratis
920 3027 955 3091 in
977 3027 1102 3092 radices

83 3136 231 3218 ipsorum
254 3133 496 3218 multiplicatis3

86 3351 242 3358 *-

83 3491 218 3542 πολλαπλ,
234 3487 255 3540 Β
275 3485 356 3555 (item
374 3484 449 3539 infra
467 3491 510 3552 22,
525 3502 553 3554 p.
563 3491 588 3554 4,
604 3490 628 3552 2,
638 3489 664 3551 4,
675 3489 699 3551 ⁵1,
710 3485 746 3552 8).
798 3483 876 3554 21f22
897 3485 988 3539 αὐτῶν
1007 3485 1031 3536 A
1045 3484 1101 3552 Ba,

85 3554 193 3614 ἑαυτῶν
215 3557 245 3612 Β.

905 3645 939 3696 με
