2536 3970
276 213 606 265 ARITHMETIGORUM
623 215 732 265 LIBER
750 215 893 267 PRIMUS.
1051 212 1093 277 15

146 374 222 439 Tibi
246 373 415 459 explicatis
440 373 780 458 multiplicationibus,
804 374 997 460 manifestae
1017 375 1145 468 suntsspf·

13 473 14 476 ¹
76 481 254 546 divisiones
278 481 520 565 propositarum
541 481 734 566 specierum,
759 485 793 546 at
815 483 898 547 benc
920 482 983 546 erit
1000 483 1095 567 hunc,

13 625 14 632 κ
76 588 132 672 qui
155 587 237 652 talia
259 590 401 652 tractare
431 587 566 673 incepit,
592 587 626 651 in
655 587 833 667 additione,
863 589 1096 674 subtractione,

13 737 14 740 =
76 693 350 778 multiplicatione
379 693 559 778 specierum
592 696 805 759 exercitatum
835 717 913 760 esse.
964 693 1094 779 Species

13 853 14 860 ,
77 822 206 885 quoque
234 800 359 885 positas
388 804 421 864 et
447 805 583 884 negatas
617 800 678 865 sub
709 801 808 865 variis
837 801 1093 866 coefficientibus

77 907 161 972 sciat
185 907 301 973 addere
325 906 398 972 aliis
422 907 592 991 speciebus
616 909 684 973 sive
706 908 826 993 positis
850 909 917 973 sive
941 907 1093 972 similiter

13 1017 14 1020 ’
74 1011 194 1099 positis
214 1017 247 1077 et
264 1014 394 1099 negatis
416 1016 449 1079 et
465 1036 484 1078 a
499 1013 668 1096 speciebus
682 1013 800 1098 positis
815 1017 848 1078 et
861 1014 990 1099 negatis
1011 1014 1093 1078 alias

75 1119 268 1184 subtrahere
283 1119 350 1184 sire
360 1121 496 1205 positas,
511 1121 577 1185 sive
592 1120 744 1185 similiter
758 1119 884 1204 positas
900 1125 932 1185 et
945 1124 1092 1206 negatas.

142 1225 281 1311 Deinde,
312 1227 340 1291 si
365 1250 384 1292 a
407 1227 611 1312 problemate
635 1227 743 1312 aliquo
767 1227 918 1312 provenit
942 1227 1144 1321 aequation·

73 1332 160 1396 inter
192 1333 316 1417 speeies
349 1333 476 1419 aliquas
509 1337 542 1397 et
575 1333 703 1397 easdem
737 1333 861 1419 species
894 1333 955 1398 sub
993 1333 1092 1398 variis

73 1437 343 1521 coefficientibus,
371 1439 413 1504 ab
437 1443 572 1523 utraque
596 1441 691 1525 parte
714 1439 879 1524 oportebit
903 1439 1030 1504 auferre
1054 1441 1094 1504 si·

73 1546 164 1610 milia
188 1569 207 1610 a
231 1545 404 1630 similibus,
427 1546 530 1611 donec
552 1546 610 1610 fiat
633 1568 698 1610 una
722 1546 846 1632 speeies
871 1546 1015 1630 aequalis
1036 1545 1093 1610 uni

74 1651 202 1735 speciei.
247 1649 281 1716 Si
305 1655 414 1717 autem
439 1652 548 1737 aliquo
572 1652 669 1716 modo
692 1652 818 1735 positae
842 1653 909 1717 sint
933 1653 1091 1737 quaedam

73 1761 196 1842 species
210 1759 245 1822 in
258 1759 434 1843 negatione
449 1759 501 1824 vel
515 1759 550 1821 in
567 1759 724 1822 alterutra
738 1761 840 1842 parte,
855 1758 906 1823 vel
919 1760 1091 1844 utrimque,

74 1865 240 1950 oportebit
268 1865 431 1950 utrimque
456 1864 572 1929 addere
603 1864 725 1948 species
753 1867 901 1948 negatas,
929 1864 1031 1932 donee
1058 1866 1094 1930 in

72 1981 211 2056 utraque
238 1975 331 2055 parte
356 1972 436 2036 fiant
461 1971 585 2055 species
608 1972 738 2034 tantum
760 1971 900 2056 positae,
922 1976 955 2034 et
980 1993 1092 2036 rursus

75 2078 201 2144 auferre
235 2078 354 2143 similia
382 2100 402 2143 a
430 2077 605 2161 similibus,
642 2073 744 2142 donec
773 2077 806 2140 in
835 2079 971 2160 utraque
999 2081 1092 2162 parte

73 2207 139 2250 una
162 2188 292 2249 tantum
316 2184 440 2268 speeies
465 2187 642 2250 remaneat.

139 2291 192 2356 Ad
211 2291 273 2356 hoc
291 2291 392 2375 igitur
411 2291 557 2356 studiose
575 2291 717 2356 exercita
735 2293 769 2354 te
788 2289 896 2374 ipsum
920 2291 954 2354 in
979 2313 1092 2376 aequa-

71 2398 220 2464 tionibus
247 2397 501 2482 problematum,
530 2402 563 2461 et
592 2419 647 2462 eas
676 2396 806 2480 reduce,
835 2400 993 2481 quantum
1022 2397 1093 2461 fieri

72 2505 205 2590 poterit,
221 2504 322 2568 donec
332 2501 580 2589 remaneatfluna
593 2503 717 2588 species
732 2503 789 2567 uni
803 2503 922 2586 speciei
932 2503 1092 2587 aequalis3

70 2611 234 2696 posterius
258 2610 320 2675 tibi
344 2609 551 2674 ostendemus
575 2609 737 2693 quomodo
768 2608 906 2674 solvitur
934 2609 1092 2693 quaestio,

72 2720 101 2783 si
128 2723 300 2784 remanent
323 2717 404 2780 duae
428 2716 551 2800 speeies
581 2737 717 2801 quarum
744 2716 948 2781 summauni
973 2714 1092 2800 speciei

71 2824 218 2910 aequalis
243 2823 296 2888 sit.

138 2929 234 2995 Nunc
267 2929 307 2993 ad
340 2929 581 3014 propositiones
614 2929 702 3012 ipsas
734 2927 956 3011 ingrediamur
993 2927 1091 3010 viam,

69 3037 247 3102 maximam
265 3035 423 3103 hebentes
447 3057 486 3100 ex
511 3034 679 3118 speciebus
704 3034 786 3119 ipsis
811 3037 1000 3116 congestam
1023 3055 1089 3096 ma·

68 3143 199 3209 teriam.
251 3142 356 3219 Quum
385 3163 461 3207 vero
495 3141 636 3225 plurima
666 3140 733 3204 sint
760 3161 910 3224 numero,
941 3139 1090 3223 moleque

68 3249 287 3334 amplissima,
315 3248 408 3312 tarde
436 3247 616 3327 retinentur
645 3247 686 3312 ab
710 3246 750 3310 iis
775 3246 891 3331 quibus
915 3245 1089 3310 traduntur

68 3510 253 3582 λοτεχνήσθω
272 3512 326 3566 Βα.
421 3517 455 3567 26
474 3517 532 3572 τοῖς
551 3527 604 3566 om.
624 3511 679 3566 Ba.
776 3516 808 3563 27
829 3514 867 3580 τῷ
886 3507 1011 3581 ἀριθμῷ]
1031 3516 1086 3562 τῶν

67 3587 205 3655 ἀριθμῶν
226 3584 288 3638 AB.
361 3587 395 3637 ιὶ8
414 3582 463 3636 καὶ
482 3599 536 3636 om.
555 3581 609 3636 Ba.
