2552 3980
279 207 609 260 ARITHMETIOORUM
625 209 734 260 LIBER
753 209 918 272 QUINTUS,
1041 207 1107 272 335

85 390 191 453 neque
210 367 306 434 huius
326 369 459 454 duplum
479 370 553 452 plus
570 370 586 434 1
603 369 703 435 dividi
721 392 780 454 per
804 369 945 456 aliquem
965 370 1106 455 primurn

85 497 260 540 numerum
284 475 348 561 qui,
372 475 482 540 addito
508 477 536 559 1,
558 475 679 540 habeat
703 477 924 563 quadrantem.

154 582 362 667 Proponatur
393 583 460 648 iam
498 582 628 666 utrique
661 589 829 669 segmento
863 582 978 648 addere
1017 584 1036 648 6
1074 587 1107 648 et

85 688 193 754 faeere
219 691 260 753 U.

153 793 315 871 Quoniam
340 796 488 861 volumus
511 796 674 860 unitatem
698 818 806 862 secare
830 801 863 861 et
881 797 1009 880 utrique
1033 816 1106 882 aeg-

84 905 197 967 manto
229 902 346 967 addere
379 904 400 968 6
434 905 468 966 et
499 901 606 968 faeere
638 907 684 989 U,
718 926 846 968 summa
874 904 1105 988 quadratorum

85 1013 137 1075 eat
158 1010 209 1075 13.
255 1008 429 1094 Oportebit
447 1009 551 1094 igitur
569 1009 686 1093 partiri
707 1012 748 1076 13
768 1012 802 1076 in
826 1011 907 1077 duos
930 1011 1105 1096 quadratos

85 1137 225 1201 quorum
248 1119 384 1200 uterque
407 1115 512 1180 maior
535 1117 579 1181 ait
602 1138 700 1201 quam
725 1118 753 1182 6.

154 1220 189 1287 Si
207 1221 332 1307 partior
352 1224 393 1288 13
412 1223 446 1287 in
466 1221 546 1287 duos
565 1223 741 1307 quadratos
761 1245 900 1310 quorum
922 1223 1105 1288 differentia

85 1329 131 1394 sit
155 1329 261 1394 minor
283 1351 379 1412 quam
406 1331 434 1413 1,
458 1330 548 1394 solvo
573 1330 765 1414 quaesitum.
813 1330 912 1396 Sumo
935 1329 1105 1395 dimidium

89 1455 138 1540 13,
162 1454 201 1517 fit
222 1436 293 1545 6}‚
328 1457 361 1518 et
389 1474 509 1537 quaero
542 1452 736 1518 fractionem
769 1475 863 1538 quae,
896 1454 1005 1519 addito
1035 1439 1106 1545 δὲ,

85 1577 187 1643 faeiat
212 1581 253 1644 [J.

153 1683 272 1749 Omnia
294 1685 352 1750 4⁶².
397 1684 526 1762 Quaero
546 1685 648 1771 igitur
665 1683 857 1750 fractionem
881 1683 1105 1767 quadratioam

85 1826 268 1893 addendam
292 1826 333 1892 ad
356 1827 413 1912 26,
443 1831 480 1892 ut
502 1828 562 1893 fiat
586 1830 628 1892 [t.
674 1824 724 1891 Sit
748 1825 893 1891 addenda
917 1824 1033 1891 fractio
1051 1793 1106 1931 ἐς

84 1970 124 2035 ffi
464 1973 731 2110 m÷ss=n

155 2147 274 2212 Omnia
295 2147 331 2213 in
354 2145 399 2214 ω’.
445 2145 544 2213 Fiunt

208 2269 293 2338 aex*
309 2275 349 2354 †
369 2275 383 2336 1
402 2304 443 2326 π
461 2275 493 2338 [t
509 2301 515 2337 :
532 2277 601 2338 esto
626 2296 646 2337 a
669 2271 776 2337 radiae
800 2267 864 2359 (ba
879 2275 919 2354 -Ι-
938 2273 981 2358 1),

86 2361 184 2426 am

426 2579 440 2626 1
542 2577 555 2624 1

85 2608 177 2695 Ergo
206 2606 241 2676 ω’
257 2640 298 2663 =
316 2611 392 2696 100,
415 2649 451 2718 ᾗ
466 2642 507 2664 ==
523 2646 592 2717 ἰῶ·
644 2609 837 2676 Addendum
865 2610 966 2694 igitur
993 2609 1034 2674 ad
1062 2611 1105 2675 26

87 2787 151 2852 erit
176 2753 248 2891 {dd
277 2806 354 2872 ergo
383 2787 424 2852 ad
452 2770 505 2880 6}
532 2787 571 2850 fit
598 2755 668 2892 ῑέ-ο,
698 2793 730 2852 et
758 2786 836 2852 facit
864 2787 1057 2871 quadratum
1087 2809 1106 2850 a

214 2930 247 2980 51

86 2964 196 3030 radica
213 2999 266 3070 {d'

157 3107 300 3193 Oportet
322 3106 424 3192 igitur
448 3108 618 3194 utriusque
639 3109 871 3195 quadratorum
895 3130 1032 3195 quorum
1056 3112 1107 3172 est

89 3272 218 3316 summa
248 3252 303 3336 13,
332 3250 474 3316 radicem
503 3254 689 3316 construere
718 3274 815 3337 quarn
843 3251 1025 3337 proximam
1052 3215 1088 3295 ἓ

1097 3299 1106 3335 7

90 3397 122 3458 et
146 3414 267 3478 quaero
292 3393 370 3476 quid
388 3393 590 3459 subtractum
611 3416 630 3459 a
648 3395 669 3461 3
690 3397 722 3459 et
741 3393 886 3458 additum
906 3392 947 3457 ad
970 3394 999 3477 2,
1020 3308 1106 3458 hddo

89 3535 197 3620 faeiat,
219 3556 336 3619 nempe
356 3501 409 3642 {3-
