2536 3970
284 211 623 278 ΙΑΒΙΤΗ,ΜΕΤΙΟΟΒΠΜ
640 213 750 264 LIBER
767 215 908 268 PRIMUS.
1064 212 1107 276 63

91 375 162 435 tum
193 393 348 456 superare
376 372 570 456 productum
599 373 766 458 quadrato.
816 373 888 439 Hoo
916 380 967 440 est
993 375 1111 441 forma·
1201 391 1205 400 ’

89 478 207 542 tivum.

158 602 368 687 Proponatur
390 604 456 668 iam
476 627 636 668 summam
654 604 771 670 horum
790 604 896 670 faeere
919 606 964 669 20
986 612 1019 670 et
1037 628 1109 689 pro

90 711 227 774 ductum
251 709 357 774 facore
381 711 433 775 96.

162 833 308 898 Ponatur
349 834 538 926 differentia¹
570 835 687 924 horum
729 857 797 900 ease
835 836 891 900 aa.
950 833 1109 912 Quoniam

90 941 270 1006 eorundem
299 962 425 1018 summa
453 945 503 1006 est
532 941 589 1020 20,
620 963 690 1005 eam
725 941 752 1005 si
789 941 941 1006 bifariam
973 944 1111 1026 partior,

89 1048 155 1112 erit
173 1052 311 1132 utraque
330 1070 407 1132 pars
426 1047 559 1112 dimidia
579 1070 715 1131 summa,
736 1070 854 1134 nempe
876 1049 924 1114 10.
971 1047 1006 1114 Si
1024 1071 1109 1113 nuno
1197 1073 1199 1076 ·

89 1153 262 1219 dimidiam
291 1153 520 1233 differentiam,
549 1155 610 1220 hoo
638 1158 689 1219 est
716 1175 752 1238 u,
781 1155 878 1219 alteri
905 1155 993 1240 parti
1017 1154 1110 1236 addo,

90 1261 133 1325 ab
163 1261 267 1324 altera
296 1261 466 1345 subtrahe,
496 1265 625 1325 constat
652 1282 764 1324 rursus
793 1253 920 1326 summa
948 1263 1005 1344 20,
1036 1284 1109 1326 oum

88 1368 276 1432 differentia
299 1368 355 1432 2⁹5.

159 1489 306 1555 Ponatur
339 1491 440 1576 igitur
473 1493 578 1555 maior
610 1521 652 1544 =
671 1513 693 1556 u
713 1495 752 1572 -Ι-
775 1493 817 1557 10
849 1491 937 1578 (plus
976 1490 1109 1555 dimidia

89 1595 244 1683 summa),
264 1597 327 1661 erit
345 1619 422 1682 ergo
443 1599 548 1662 minor
568 1629 610 1650 =
628 1599 669 1662 10
686 1635 723 1644 -
740 1619 762 1662 u
781 1603 814 1662 et
832 1601 961 1663 constat
981 1619 1109 1662 summa

2 1779 3 1782 Ἴ
89 1707 144 1788 20,
168 1727 242 1768 oum
266 1703 448 1768 differentia
469 1705 520 1769 20.

2 1896 3 1927 ᾖ
142 1811 274 1894 ¹Restat
302 1833 339 1893 ut
365 1829 543 1914 productus
570 1829 670 1894 faeiat
694 1830 750 1913 96,
779 1828 834 1929 sed
858 1826 1034 1913 productus
1058 1832 1108 1892 est

92 1936 158 2001 100
175 1971 214 1981 -
230 1932 274 1999 50².
321 1934 391 1998 lsta
414 1940 594 2021 aequantur
617 1935 659 2000 96
685 1940 717 1998 et
740 1935 779 1998 fit
801 1955 824 2000 rc
838 1964 880 1986 =
895 1934 925 1998 2.

157 2057 235 2124 Erit
257 2079 334 2146 ergo
359 2059 463 2124 maior
488 2089 528 2112 =
547 2061 601 2144 12,
629 2060 736 2124 minor
760 2090 801 2113 =
817 2060 851 2142 8,
882 2065 915 2124 et
937 2058 1108 2144 proposito

89 2165 306 2230 satisfaciunt.

523 2318 675 2390 xxviii.
703 2305 708 2315 ’

156 2449 307 2515 Invenire
325 2451 406 2532 duqs
423 2471 576 2515 numeros
600 2471 738 2533 quorum
762 2473 888 2515 summa
910 2451 1053 2535 ipsorum
1074 2455 1107 2514 et
1125 2466 1157 2514 31

90 2557 326 2641 quadratorum
351 2578 479 2621 summa
501 2555 624 2621 faciant
647 2556 741 2621 datos
763 2578 924 2622 numeros.

157 2680 297 2765 Oportet
325 2680 456 2764 duplam
490 2701 651 2744 summam
684 2681 916 2764 quadratorum
948 2647 1106 2762 quadrato
1147 2753 1151 2764 ι

89 2787 199 2872 aliquo
219 2807 371 2870 superare
391 2786 586 2868 quadratum
606 2807 624 2848 a
644 2807 772 2850 summa
794 2785 949 2870 ipsorum.
995 2783 1056 2848 Est
1074 2789 1107 2849 et

88 2894 150 2960 hoo
174 2891 394 2958 formativum.

155 3017 363 3102 Proponatur
389 3016 455 3080 iam
485 3039 644 3080 summam
674 3014 726 3101 (X
739 3017 778 3096 -t-
797 3012 846 3102 Χ)
874 3015 979 3081 facere
1008 3016 1052 3080 20
1076 3021 1107 3080 et

88 3146 249 3188 summam
274 3122 505 3207 quadratorum
529 3120 591 3207 (X2
608 3124 646 3203 -{-
665 3121 722 3207 X2)
746 3122 851 3188 faeere
875 3123 949 3187 208.
1039 3123 1048 3144 ’

82 3439 117 3507 ‘B,
137 3438 282 3506 utrimque
301 3435 364 3502 ἢτοι
383 3436 481 3490 addito
500 3453 534 3491 ex
548 3436 728 3490 correctione.
784 3443 800 3492 8
818 3434 943 3492 τουτέστι
961 3438 1015 3492 Bu.
1073 3443 1105 3492 12

87 3507 278 3580 σννθέματος]
299 3504 483 3570 συντεθέντος
502 3509 534 3562 Α.
591 3514 623 3562 21
643 3516 722 3562 ποιεῖ
737 3507 821 3563 ΑΒα.
877 3514 911 3562 25
932 3507 988 3563 ἔστι
1007 3508 1038 3563 δὲ
1057 3507 1106 3563 aad

87 3589 168 3636 τοῦτο
187 3575 382 3648 πλασματικόν
402 3578 517 3634 seclusit
534 3579 589 3634 Bu.
