2552 3962
169 173 234 238 182
453 175 455 180 ·
520 173 777 230 Λειοωωοιιταω
795 177 828 230 r.

236 337 327 402 ἔσται
355 335 373 402 6
402 331 464 420 μὲν
491 345 537 400 6⁰⁶
559 335 609 420 ξε,
638 335 656 401 6
685 332 722 402 δὲ
750 338 797 419 6⁰⁶
818 320 879 422 λξ,
906 332 962 402 καὶ
988 345 1125 403 ποιοῦσι
1152 338 1193 402 τὸ
1273 317 1274 354 ³

168 446 352 530 πρόβλημα.
443 457 465 512 .’

657 608 699 668 ιη.

235 727 361 815 Εὑρεῖν
388 727 450 794 δύο
479 725 645 813 ἀριθμοὺς
674 725 763 802 ὅπως
786 725 804 792 6
831 722 886 790 ὑπ’
914 724 1041 809 αὐτῶν,
1073 724 1134 791 ε’άν
1156 749 1192 791 τε

143 866 156 906 ι
172 838 269 922 λείψῃ
284 831 452 919 ἑκάτερον,
470 832 576 898 ἐάντε
591 835 857 918 συναμφότερον,
874 841 954 918 ποιή
970 831 1192 919 τετράγωνον.

241 938 397 1025 Τετάχθω
421 938 439 1004 6
464 935 525 1024 μὲν
547 949 600 1008 βᾶ
612 925 699 1022 Ma,
726 938 745 1004 6
769 935 807 1003 δὲ
831 922 901 1024 56,
929 937 1108 1024 ἐπειδήπερ
1132 936 1193 1004 ἐὰν

169 1045 314 1130 ἀριθμὸς
341 1043 490 1132 ἀριθμοῦ
522 1037 544 1132 ᾖ
576 1047 824 1130 τετραπλασίων
851 1046 940 1131 παρά
967 1029 1056 1130 166,
1088 1041 1189 1110 ὁὺτί

169 1151 280 1217 αὐτῶν
303 1153 420 1230 λείψας
440 1153 500 1216 τὸν
523 1153 657 1235 μείζονα
678 1161 771 1217 ποιεί
789 1151 1008 1238 τετράγωνον.

236 1259 354 1324 λοιπὸν
382 1257 437 1322 δεῖ
461 1258 520 1323 τὸν
543 1254 599 1322 ὑπ’
627 1256 738 1322 αὐτῶν
761 1260 921 1337 λείψαντα
943 1260 1003 1324 τὸν
1026 1256 1194 1324 ἐλάσσονα

130 1395 155 1434 10
169 1374 279 1431 ποιεῖν
303 1367 376 1449 3⁰⁷,
397 1361 453 1430 καὶ
477 1366 524 1430 ἔτι
546 1366 607 1430 τὸν
629 1360 684 1430 ὑτί
709 1363 820 1431 αὐτῶν
838 1368 999 1444 λείψαντα
1017 1365 1194 1448 συναμφό-

169 1495 267 1558 τερον
292 1481 403 1537 ποιεῖν
428 1475 500 1538 Πολ·
529 1468 601 1536 ἀλλ’
629 1469 647 1536 6
675 1466 737 1554 μὲν
767 1468 823 1537 ὑτί
850 1471 960 1538 αὐτῶν
988 1473 1105 1549 λείψας
1132 1471 1194 1535 τὸν

170 1578 335 1646 ἐλάσσονα
371 1580 497 1662 γίνεται
529 1562 819 1661 mmmm·
856 1577 874 1644 6
913 1573 950 1643 δὲ
986 1574 1042 1642 ὑπ’
1079 1575 1193 1642 αὐτῶν

170 1689 285 1766 λείψας
303 1687 557 1771 συναμφότερον
575 1669 662 1748 ΔΥὺ
673 1689 737 1758 165
748 1692 772 1749 οἳ
783 1671 855 1749 Μαι
874 1690 916 1749 ίσ.
933 1687 994 1750 [3⁸2⁰.
1024 1681 1082 1749 καὶ
1100 1686 1194 1749 ἔστιν

114 1879 119 1886 υ
169 1792 281 1859 αὐτῶν
307 1792 454 1877 ὑπεροχή
476 1775 541 1859 56·
568 1791 679 1856 τάσσω
701 1793 762 1858 τὸν
785 1787 847 1876 μὲν
869 1775 937 1876 56,
964 1793 1024 1858 τὸν
1048 1788 1087 1858 66
1109 1779 1194 1878 λ’λᾱ,

130 1926 156 1967 15
169 1896 225 1965 καὶ
248 1903 375 1982 γίνεται
398 1897 416 1964 6
439 1883 615 1965 516662‘.

235 2002 292 2070 καὶ
319 2007 410 2070 ἔσται
438 1997 540 2086 ὁμὲν
563 2012 610 2066 01⁰⁹
631 1986 767 2088 1666&
794 2003 812 2069 6
842 1999 879 2069 δὲ
902 2006 949 2087 6⁰²
970 1989 1045 2068 6⁰15.
1090 2003 1192 2090 καλή

170 2108 337 2188 ἀπόδειξις
359 2105 496 2194 φανερά.

655 2274 704 2334 ιθ.

237 2392 363 2478 Εὑρεῖν
386 2390 546 2478 τέσσαρας
564 2392 731 2480 ἀριθμοὺς
751 2391 839 2468 ὅπως
857 2390 875 2457 6
895 2390 960 2458 άπὸ
979 2402 1040 2460 τοῦ
1060 2410 1193 2477 συγιιει-
1270 2445 1271 2480 3

130 2527 158 2568 ιο
171 2497 274 2586 μένον
298 2497 334 2564 ἐκ
356 2510 423 2565 τῶν
446 2499 616 2586 τεσσάρων
638 2497 854 2584 τετράγωνος,
878 2497 993 2564 ἐάντε
1015 2500 1191 2589 προσλάβῃ

171 2607 320 2691 ἕκαστον,
344 2604 403 2672 ἐάν
426 2629 461 2672 τε
485 2608 595 2692 λείψῃ,
616 2614 694 2690 ποιή
717 2604 936 2689 τετράγωνον.

234 2711 325 2780 Ἐπεὶ
359 2714 482 2791 παντὸς
518 2712 731 2798 ὀρθογωνίου
766 2712 934 2798 τριγώνου
975 2711 995 2777 6
1031 2709 1097 2777 άπὸ
1135 2721 1192 2798 τῆς

171 2822 410 2905 ὑποτεινούσης
436 2819 657 2905 τετράγωνος,
690 2816 748 2883 ἐάν
779 2840 814 2883 τε
845 2818 1019 2905 προσλάβῃ
1051 2820 1112 2884 τὸν
1141 2818 1192 2896 δὶς

171 2930 236 2995 ὑπὸ
259 2938 327 2994 τῶν
349 2924 426 3012 περὶ
447 2927 509 3010 τήν
531 2925 657 3011 ὀρθήν,
685 2922 743 2990 ἐάν
766 2946 801 2989 τε
824 2926 938 3012 λείψῃ,
965 2935 1058 2991 ποιεῖ
1077 2926 1191 3012 τετρά-

132 3057 158 3098 τε
172 3058 299 3120 γωνον,
337 3035 420 3117 ζήτω
451 3034 614 3119 πρότερον
645 3027 788 3116 τέσσαρα
819 3032 965 3114 τρίγωνα
997 3030 1191 3116 ὀρθογώνια

245 3267 260 3316 5
279 3257 364 3329 λήψει
381 3259 414 3328 Δ,
433 3258 509 3328 λήψῃ
528 3258 559 3314 Β.
633 3265 650 3314 8
668 3260 769 3328 λείψας
787 3259 842 3326 Βο,
860 3257 946 3327 λήψει
963 3257 1024 3314 ΑΒ.
1099 3263 1116 3311 9
1135 3259 1189 3330 δεῖ]

172 3333 209 3404 δή
228 3333 283 3388 Βο,
356 3329 442 3400 λ’ψει
459 3329 491 3398 Β,
509 3333 536 3386 ιλ
554 3328 639 3385 ΑΒα.
718 3337 752 3383 10
770 3326 909 3398 λείψαντα
927 3330 983 3398 Βο,
1005 3329 1033 3378 Α
1051 3327 1087 3396 A,
1106 3328 1190 3399 λήψει

173 3407 203 3459 Β.
297 3407 328 3457 11
347 3351 439 3470 λεὺψει
457 3401 512 3470 Βο,
533 3402 561 3452 λλ
578 3400 613 3470 A,
636 3399 722 3468 λήψει
739 3400 771 3456 Β.
863 3405 896 3454 13
915 3401 1016 3469 λείψας
1030 3398 1088 3469 ’Βο,
1110 3406 1138 3457 λλ
1157 3402 1188 3468 Α,

172 3475 258 3546 λήψει
275 3474 307 3529 Β.
384 3479 418 3528 21
438 3471 531 3542 λήψει,
549 3478 629 3527 ποιεί
643 3471 705 3540 ΑΒ,
724 3470 810 3544 λήψῃ,
827 3479 895 3543 ποιῇ
914 3471 970 3527 Βο,
1050 3475 1084 3527 22
1105 3470 1191 3541 ὀρθο-

172 3549 265 3619 γάνον
284 3544 345 3617 AB,
364 3561 432 3602 corr.
452 3545 507 3599 Ba.
580 3549 615 3598 24
633 3541 719 3614 λήψει
736 3544 797 3613 AB,
816 3541 893 3616 λήψῃ
911 3542 967 3598 Βο,
