2536 3970
164 162 186 224 4
519 161 773 215 ΑΡΙΘΜΗΤῙΚΩΝ
791 163 823 213 Α.

232 317 280 388 ὧν
308 319 346 388 δέ
375 323 699 407 ύυναμοὸυνάμεων,
729 323 764 388 οἵ
790 324 875 387 είσιν
904 322 940 387 ἐκ
966 323 1188 407 τετραγώνων

166 428 219 515 ἐφ’
246 428 383 504 ἑαυτοὺς
405 427 777 510 πολυπλασιασθέντων,

232 531 280 601 ών
308 532 346 600 δὲ
374 535 632 619 δυναμοκύβων,
661 536 696 600 οἵ
721 536 807 600 είσιν
831 533 867 598 ἐκ
889 535 1105 621 τετραγώνων
1129 532 1187 599 ἐπὶ

164 646 243 720 τοὺς
266 641 330 708 ἀπὸ
354 651 412 725 τῆς
435 641 534 724 αὐτῆς
557 641 669 717 αὐτοῖς
691 645 836 727 πλευρᾶς
863 641 988 725 κύβους
1013 645 1186 705 πολυπλα-

138 747 386 830 τσιασθέντων,

233 849 281 920 ών
304 851 342 920 δέ
364 856 581 938 κυβοκύβων,
608 856 643 920 οἵ
663 856 749 919 εἰσιν
772 853 808 919 ἐκ
830 855 944 937 κύβων
968 850 1019 939 ἐφ’
1046 851 1188 929 ἑαυτοὺς

165 959 540 1043 πολυπλασιασθέντων,
563 963 600 1025 ἐκ
623 984 658 1024 τε
676 970 735 1044 τῆς
752 961 879 1025 τούτων
902 962 976 1043 ἤτοι
994 959 1186 1035 συνθέσεως

167 1067 187 1151 ἢ
206 1067 371 1152 ὑπεροχῆς
390 1066 410 1150 ἦ
429 1072 726 1151 πολυπλασιασμοῦ
745 1066 765 1151 ἢ
785 1069 888 1150 λόγου
907 1077 967 1132 τοῦ
984 1067 1067 1153 πρὸς
1085 1065 1186 1148 άλλη·
1255 1067 1256 1108 ³

168 1179 248 1250 λους
270 1172 291 1257 ἢ
314 1172 369 1238 καὶ
393 1171 539 1239 ἑκάστων
560 1176 643 1257 πρὸς
665 1175 722 1250 τὰς
741 1174 828 1250 ίθίας
845 1174 989 1259 πλευράς
1008 1175 1186 1256 συμβαίνει

129 1306 154 1344 ιο
168 1278 350 1345 πλέκεσθαι
372 1285 508 1345 πλεῖστα
530 1284 745 1366 προβλήματα
769 1279 984 1365 ἀριθμητικά·
1011 1281 1123 1344 λύεται
1147 1275 1186 1344 δὲ

168 1387 362 1469 βαθίζοντύς
385 1403 447 1452 σου
470 1388 531 1470 τὴν
553 1387 887 1472 ὑποθειχθησομένην
910 1387 1001 1452 ὁύύν.

231 1489 456 1578 Ἐδοκιμάσθη
493 1487 555 1558 οὖν
592 1492 728 1570 ἕκαστος
762 1495 890 1560 τούτων
929 1506 996 1558 τῶν
1028 1492 1186 1576 ἀριθμῶν
1255 1519 1256 1532 ’

169 1597 423 1682 συντομωτέραν
460 1598 652 1684 ἐπωνυμίαν
688 1600 891 1684 κτησάμενος
927 1611 1091 1686 στοιχεῖον
1126 1607 1186 1682 τῆς

168 1702 388 1790 ἀριθμητικῆς
409 1709 554 1791 θεωρίας
577 1701 677 1771 εἶναι·
699 1712 846 1772 καλεῖται
869 1699 932 1771 οὖν
951 1706 970 1771 6
994 1701 1055 1789 μὲν
1073 1705 1186 1788 τετρά-

129 1833 154 1874 15
169 1834 276 1894 γωνος
299 1811 544 1897 δύναμιςκαὶ
568 1815 658 1877 ἐστιν
681 1812 782 1895 αὐτῆς
800 1823 939 1895 σημεῖον
956 1813 993 1877 τὸ
1017 1815 1050 1876 Δ
1073 1811 1185 1894 ἐπίση-

168 1941 232 2001 μον
256 1920 334 2003 ἐχον
360 1925 397 2000 Y,
420 1917 477 1982 ΛΥ
500 1919 656 2002 δύναμις·

237 2024 255 2088 6
279 2019 318 2088 δὲ
340 2027 461 2108 κύβος
483 2022 539 2088 καὶ
562 2027 653 2089 ἐστιν
681 2024 785 2091 αὐτοῦ
808 2037 945 2110 σημεῖον
968 2028 1002 2088 Κ
1023 2024 1186 2108 ἐπίσημον

169 2131 246 2213 ἔχον
272 2135 310 2214 Y,
332 2127 389 2194 ΚΥ
411 2130 525 2213 κύβος·

236 2236 255 2301 6
278 2232 316 2301 δὲ
336 2236 371 2301 ἐκ
389 2237 598 2323 τετραγώνου
622 2231 674 2322 ἐφ’
697 2234 816 2304 ἑαυτὸν
835 2237 1186 2313 πολυπλασιασθέντος

129 2368 156 2407 ιο
171 2343 500 2427 δυναμοδύναμις
522 2340 578 2408 καὶ
601 2345 693 2408 ἐστιν
715 2344 820 2410 αὐτοῦ
839 2356 978 2428 σημεῖον
1001 2342 1098 2410 δέλτα
1122 2344 1184 2408 δύο

169 2449 332 2533 ἐπίσημον
355 2451 473 2533 ἔχοντα
500 2455 536 2533 Y,
559 2448 638 2513 ΔΥΔ
661 2451 946 2534 θυναμούύναμις·

236 2556 255 2621 6
283 2551 321 2620 δέ
349 2554 385 2620 ἐκ
413 2558 623 2639 τετραγώνου
647 2554 699 2621 ἐπὶ
721 2559 780 2622 τὸν
804 2555 868 2623 ἀπὸ
892 2565 949 2641 τῆς
972 2556 1073 2643 αὐτῆς
1095 2557 1184 2644 αὐτῷ

168 2666 313 2747 πλευρᾶς
334 2663 441 2745 κύβου
463 2660 815 2739 πολυπλασιασθέντος
833 2664 1112 2748 θυναμύκυβος
1130 2659 1185 2727 καὶ

169 2769 261 2832 ἐστιν
284 2767 387 2833 αὐτοῦ
411 2780 548 2852 σημείου
570 2770 610 2834 τὰ
629 2773 701 2833 ΔΚ
718 2769 879 2853 ἐπίσημον
903 2771 1020 2854 ἔχοντα
1043 2774 1079 2851 Y,
1094 2768 1189 2833 ΔΚΥ
1250 2789 1251 2802 ’

130 2893 156 2933 2⁵
171 2876 416 2959 ύυναμόκυβος·

237 2981 255 3046 6
283 2977 322 3046 δὲ
349 2980 386 3046 ἐκ
417 2982 523 3064 κύβου
556 2978 675 3047 ἑαυτὸν
706 2983 1037 3059 πολυπλασιάσαντος
1068 2985 1183 3065 κυβύ-

242 3231 258 3278 4
276 3223 599 3280 πολλαπλασιασθέντων
622 3229 646 3280 A
669 3226 715 3281 hic
733 3230 766 3282 ut
784 3227 815 3282 B.
925 3233 939 3281 ⁷
960 3203 1113 3289 συνθέσευς
1130 3229 1182 3282 Βα.

207 3302 222 3349 9
242 3291 259 3363 ἢ
279 3295 328 3350 καὶ
347 3291 465 3351 ἑκάστου
484 3293 501 3364 ἢ
521 3295 570 3351 καὶ
584 3291 707 3352 ἑκάστων
727 3298 788 3354 ΑΒ.
862 3304 894 3351 12
915 3293 1091 3369 ἐδοκιμάσθη
1111 3339 1182 3354 ....

171 3363 245 3420 εἷναι
264 3369 322 3437 (14)
342 3384 395 3424 om.
414 3369 469 3423 Ba.
566 3374 599 3422 15
619 3369 705 3437 αύτῇς
721 3368 753 3437 Β,
774 3371 844 3438 αύτῆ
863 3371 896 3436 A,
916 3371 987 3440 αὐτῇ
1006 3371 1060 3425 Βα.
1151 3376 1183 3424 16

171 3456 291 3525 δύναμις
309 3456 397 3511 habet
415 3456 440 3510 A
460 3458 526 3510 ante
544 3439 602 3523 ΔΥ,
621 3471 675 3511 om.
685 3457 716 3512 B.
765 3464 796 3512 17
813 3456 828 3511 6
843 3457 875 3513 δὲ
904 3453 935 3512 ἐκ
949 3459 1124 3529 τετραγώνου
1139 3453 1184 3512 ἐπὶ

170 3528 219 3582 τὸν
234 3528 322 3582 αὐτοῦ
336 3526 461 3597 πλευρὰν
475 3526 789 3590 πολλαπλασιασθέντος
803 3546 875 3598 supp
887 3532 917 3582 et
931 3531 986 3584 Ba.
1055 3537 1088 3585 18
1102 3530 1185 3603 κύβος
