2536 3970
153 205 196 268 62
503 206 759 258 ΑΡΙΘΜΗΤΙΚΩΝ
776 207 807 257 Δ.

153 367 408 452 συναμφοτέρου
434 367 641 452 τετράγωνον
673 377 733 433 τοῦ
765 363 820 432 ὑπ’
852 367 963 433 αὑτων
995 366 1171 452 ὑπερέχειν

152 476 355 562 τετραγώνῳ.
402 475 470 539 ἔστι
494 469 532 538 66
554 483 652 538 τοῦτο
675 477 910 555 πλασματιαόν.
987 465 991 471 ’
1130 453 1135 462 “

216 577 438 665 Ἐπιτετάχθω
472 581 513 664 δὴ
543 581 605 664 τὴν
634 576 696 663 μὲν
724 580 886 644 σύνθεσιν
917 579 1028 644 αὐτῶν
1059 590 1194 651 ποιεῖνΙ

152 673 196 751 Μ
205 688 237 770 τί,
259 689 318 752 τὸν
342 682 379 751 66
402 688 717 770 πολλαπλασιασμὸν
739 671 916 751 ποιεῖν-Μ
922 672 983 754 I1—5.

125 816 138 855 ε
226 793 381 878 Τετάχθω
405 792 425 874 ἡ
449 792 595 877 ὑπεροχὴ
623 792 733 858 αὐτῶν
756 777 820 877 δά.
865 790 919 857 καὶ
942 790 1010 857 ἐπεὶ
1028 794 1066 857 τὸ
1091 793 1170 857 σύν-

151 906 240 983 θεμα
268 899 378 964 αὐτῶν
407 899 475 964 ἐστι
503 885 548 963 Μ
556 901 591 978 τί,
625 899 684 964 ἐὰν
711 909 809 965 τοὺτο
837 897 924 982 τέμω
953 900 1045 984 δίχα,
1078 901 1169 963 ἔσται

154 1005 307 1088 ἑκάτερος
329 1017 396 1070 τών
421 1004 456 1070 ἐκ
479 1014 536 1088 τῆς
560 1005 762 1090 διαιρέσεως,
784 1014 844 1072 τοὺ
868 1004 897 1082 L'
917 1015 977 1072 τοὺ
1001 1003 1170 1088 συνθέμα-

152 1136 218 1196 τος,
237 1100 281 1176 Μ
292 1125 311 1175 ῑ.
357 1105 421 1198 κάν
443 1113 481 1177 τὸ
503 1111 607 1195 ἥμισυ
630 1123 687 1196 τῆς
709 1113 883 1198 ὑπεροχῆς,
909 1110 1080 1178 τουτέστιν
1103 1122 1171 1194 βᾶ,

153 1217 203 1284 ἑνὶ
226 1214 287 1302 μὲν
310 1229 377 1283 τών
401 1219 437 1284 ἐκ
454 1229 512 1304 τῆς
530 1217 722 1303 διαιρέσεως
739 1226 891 1302 προσθῶ,
913 1229 974 1285 τοῦ
993 1214 1030 1283 66
1049 1224 1169 1284 λοιποῦ

113 1349 137 1386 ιο
152 1323 280 1410 ἀφέλω,
307 1323 398 1407 μένει
425 1325 528 1390 πάλιν
554 1328 591 1390 τὸ
620 1323 773 1408 σύνθεμα
800 1311 845 1389 Μ
853 1329 889 1407 τἰ,
917 1325 938 1408 ἡ
963 1320 999 1389 66
1022 1324 1168 1409 ὑπεροχὴ

151 1418 215 1516 ὅθ.
260 1430 410 1516 τετάχθω
434 1425 496 1496 οὖν
516 1431 534 1496 6
552 1434 671 1514 μείζων
694 1441 749 1496 βᾶ
771 1429 826 1496 καὶ
849 1419 893 1496 M
904 1445 916 1496 ῑ
937 1441 1004 1496 τῶν
1022 1429 1168 1513 ἡμίσεων

152 1548 212 1603 τοῦ
235 1536 457 1621 συνθέματος·
482 1538 500 1603 6
524 1539 588 1622 άρα
608 1536 758 1603 ἐλάσσων
777 1541 867 1604 ἔσται
886 1526 927 1602 M
941 1551 954 1602 ῖ
968 1544 1022 1612 (με
1037 1545 1068 1601 οἳ.
1105 1533 1160 1600 καλ
1220 1617 1222 1620 Ι

151 1643 243 1727 μένει
266 1646 303 1709 τὸ
327 1640 389 1727 μὲν
412 1645 564 1728 σύνθεμα
586 1631 631 1709 M
640 1648 671 1728 τι,
686 1645 716 1727 ’ἡ
740 1641 777 1709 66
800 1645 946 1731 ὑπεροχὴ
969 1627 1033 1728 δέ.

218 1755 336 1816 λοιπόν
360 1749 506 1816 ἐστικαὶ
529 1753 589 1817 τὸν
611 1748 666 1814 ὑπ’
690 1751 800 1816 αὐτῶν
817 1762 927 1818 ποιεῖν
950 1737 995 1816 Μ
1000 1736 1066 1818 st}
1090 1746 1161 1814 ἀλλ’

112 1879 137 1919 ιε
151 1857 169 1923 6
193 1855 249 1923 ὑπ’
276 1859 387 1923 αὐτῶν
410 1856 479 1922 ε’στι
501 1844 546 1948 Μ
555 1860 576 1942 ρ
590 1864 624 1932 ,τι
640 1857 736 1928 AVo?
764 1867 867 1923 ταῦτα
890 1865 945 1924 λσα
968 1843 1014 1922 M
1023 1841 1084 1926 ἷιξ
1113 1853 1167 1920 καὶ

150 1967 278 2048 γίνεται
296 1964 314 2030 6
334 1982 353 2033 5
377 1949 422 2029 Μ
426 1967 456 2048 β
1265 2019 1266 2052 χ

218 2074 308 2136 ἔσται
331 2072 395 2156 άρα
419 2070 437 2135 6
461 2066 522 2154 μὲν
544 2073 665 2153 μείζων
687 2054 732 2134 Μ
737 2058 783 2156 ιώ,
811 2071 828 2138 ὑ
853 2069 890 2137 66
913 2071 1063 2139 ἐλάσσων
1087 2056 1130 2134 Μ
1134 2095 1166 2154 η

150 2175 205 2242 καὶ
228 2186 361 2243 ποιοῦσι
385 2177 425 2241 τά
448 2185 505 2260 τῆς
526 2176 722 2259 προτάσεως.
1265 2171 1266 2210 λ

631 2431 682 2490 κη.

111 2553 137 2591 20
217 2532 342 2616 Εὑρεῖν
366 2529 428 2594 θὺο
452 2528 617 2614 ἀριθμοὺς
642 2531 730 2608 ὅπως
752 2530 807 2597 καὶ
829 2533 849 2615 ἡ
874 2535 1033 2609 σύνθεσις
1055 2534 1165 2600 αὐτῶν
1263 2529 1264 2586 3

150 2636 205 2704 καλ
233 2639 253 2721 ἡ
277 2639 436 2712 σύνθεσις
465 2646 533 2701 τών
556 2634 609 2702 ἀπ’
637 2636 747 2703 αὑτῶν
770 2642 986 2724 τετραγώνων
1009 2649 1087 2725 ποιῇ
1112 2643 1166 2707 60-
1232 2673 1236 2679 ·

151 2744 273 2821 θέντας
296 2743 471 2829 άριθμοὺς.

218 2854 284 2914 Δεῖ
310 2850 351 2933 δὴ
378 2851 457 2926 τοὺς
479 2847 531 2926 θὶς
553 2847 608 2914 ἀπ’
636 2851 746 2916 αὐτῶν
769 2853 996 2937 τετραγώνους
1018 2864 1079 2920 τοῦ
1102 2852 1165 2919 άπὸ

151 2953 407 3041 συναμφοτέρου
420 2956 530 3021 αὐτῶν
543 2958 753 3043 τετραγώνου
771 2957 944 3044 ὑπερέχειν
963 2962 1165 3048 τετραγώνῳ.

112 3081 138 3122 ιε
153 3065 221 3128 ἔστι
245 3058 282 3126 66
304 3059 359 3126 καλ
382 3072 480 3128 τοῦτο
504 3067 740 3147 πλασματικόν.

82 3251 86 3258 ⁴
214 3165 435 3253 Ἐπιτετάχθω
468 3169 509 3252 δὴ
541 3170 603 3253 τὴν
630 3166 691 3254 μὲν
720 3172 883 3236 σύνθεσιν
915 3172 1026 3237 αὐτῶν
1058 3183 1166 3238 ποιεῖν

150 3262 194 3339 Μ
204 3278 239 3358 τί,
270 3275 331 3358 τὴν
364 3269 402 3337 66
425 3275 588 3341 σύνθεσιν
620 3287 688 3341 των
719 3274 774 3340 ἀπ’
808 3276 918 3342 αὐτῶν
950 3280 1166 3362 τετραγώνων

150 3394 259 3448 ποιεῖν
280 3367 325 3447 Μ
333 3381 387 3466 σῇ.

151 3507 298 3515 -.-—-—-..

223 3582 238 3630 2
259 3575 332 3630 ἔστιν
351 3576 384 3630 Α.
459 3582 473 3629 7
493 3549 604 3645 τοῦᾟ]
626 3572 688 3640 ἤτοι
706 3583 755 3629 τοῦ
774 3572 859 3644 ἥμισυ
877 3574 915 3644 A,
933 3575 996 3642 ἤτοι
1013 3575 1063 3630 τὸν
1082 3573 1166 3646 ἥμισυ
