<?xml version="1.0" encoding="UTF-8"?>
<!DOCTYPE html PUBLIC "-//W3C//DTD XHTML 1.0 Transitional//EN"
    "http://www.w3.org/TR/xhtml1/DTD/xhtml1-transitional.dtd">
<html xmlns="http://www.w3.org/1999/xhtml" xml:lang="en" lang="en">
 <head>
  <title>
</title>
<meta http-equiv="Content-Type" content="text/html;charset=utf-8" />
  <meta name='ocr-system' content='tesseract 3.04.00' />
  <meta name='ocr-capabilities' content='ocr_page ocr_carea ocr_par ocr_line ocrx_word'/>
</head>
<body>
  <div class='ocr_page' id='page_1' title='image "./diophantialexan02diopgoog_0433.png"; bbox 0 0 2546 3986; ppageno 0'>
   <div class='ocr_carea' id='block_1_1' title="bbox 302 163 1120 228">
    <p class='ocr_par' dir='ltr' id='par_1_1' title="bbox 302 163 1120 228">
     <span class='ocr_line' id='line_1_1' title="bbox 302 163 1120 228; baseline 0.016 -13"><span class='ocrx_word' id='word_1_1' title='bbox 302 164 633 218; x_wconf 80' lang='lat' dir='ltr'><strong>Anrrnuumconuu</strong></span> <span class='ocrx_word' id='word_1_2' title='bbox 650 165 759 217; x_wconf 73' lang='lat' dir='ltr'><strong>amun</strong></span> <span class='ocrx_word' id='word_1_3' title='bbox 777 165 922 218; x_wconf 76' lang='lat' dir='ltr'><strong>snmus.</strong></span> <span class='ocrx_word' id='word_1_4' title='bbox 1054 163 1120 228; x_wconf 88' lang='grc'><strong>419</strong></span> 
     </span>
    </p>
   </div>
   <div class='ocr_carea' id='block_1_2' title="bbox 99 324 1121 1154">
    <p class='ocr_par' dir='ltr' id='par_1_2' title="bbox 99 324 1121 1154">
     <span class='ocr_line' id='line_1_2' title="bbox 99 324 1121 410; baseline 0.002 -20"><span class='ocrx_word' id='word_1_5' title='bbox 99 325 304 391; x_wconf 85' lang='lat' dir='ltr'><strong>differentiae</strong></span> <span class='ocrx_word' id='word_1_6' title='bbox 340 324 673 410; x_wconf 80' lang='lat' dir='ltr'><strong>perpendicularium,</strong></span> <span class='ocrx_word' id='word_1_7' title='bbox 710 327 742 389; x_wconf 89' lang='lat' dir='ltr'><strong>et</strong></span> <span class='ocrx_word' id='word_1_8' title='bbox 778 346 880 390; x_wconf 89' lang='lat' dir='ltr'><strong>areae.</strong></span> <span class='ocrx_word' id='word_1_9' title='bbox 942 325 1121 393; x_wconf 85' lang='lat' dir='ltr'><strong>Deducitur</strong></span> 
     </span>
     <span class='ocr_line' id='line_1_3' title="bbox 100 430 1120 518; baseline 0.001 -21"><span class='ocrx_word' id='word_1_10' title='bbox 100 433 249 518; x_wconf 86' lang='lat' dir='ltr'><strong>quaestio</strong></span> <span class='ocrx_word' id='word_1_11' title='bbox 268 430 557 497; x_wconf 82' lang='lat' dir='ltr'><strong>adinveniendum</strong></span> <span class='ocrx_word' id='word_1_12' title='bbox 578 431 780 516; x_wconf 85' lang='lat' dir='ltr'><strong>triangulum</strong></span> <span class='ocrx_word' id='word_1_13' title='bbox 803 431 1031 517; x_wconf 78' lang='lat' dir='ltr'><strong>reatangulum</strong></span> <span class='ocrx_word' id='word_1_14' title='bbox 1054 435 1120 498; x_wconf 82' lang='lat' dir='ltr'><strong>tale</strong></span> 
     </span>
     <span class='ocr_line' id='line_1_4' title="bbox 99 537 1119 622; baseline 0.002 -20"><span class='ocrx_word' id='word_1_15' title='bbox 99 541 138 603; x_wconf 87' lang='lat' dir='ltr'><strong>ut</strong></span> <span class='ocrx_word' id='word_1_16' title='bbox 164 538 343 622; x_wconf 81' lang='lat' dir='ltr'><strong>productus</strong></span> <span class='ocrx_word' id='word_1_17' title='bbox 371 537 512 602; x_wconf 89' lang='lat' dir='ltr'><strong>laterum</strong></span> <span class='ocrx_word' id='word_1_18' title='bbox 541 537 626 603; x_wconf 85' lang='lat' dir='ltr'><strong>cirea</strong></span> <span class='ocrx_word' id='word_1_19' title='bbox 652 540 788 622; x_wconf 82' lang='lat' dir='ltr'><strong>reatum,</strong></span> <span class='ocrx_word' id='word_1_20' title='bbox 822 537 932 603; x_wconf 88' lang='lat' dir='ltr'><strong>addito</strong></span> <span class='ocrx_word' id='word_1_21' title='bbox 960 539 1119 622; x_wconf 81' lang='lat' dir='ltr'><strong>producto</strong></span> 
     </span>
     <span class='ocr_line' id='line_1_5' title="bbox 99 643 1121 730; baseline 0.001 -22"><span class='ocrx_word' id='word_1_22' title='bbox 99 643 234 708; x_wconf 86' lang='lat' dir='ltr'><strong>maioris</strong></span> <span class='ocrx_word' id='word_1_23' title='bbox 248 643 573 729; x_wconf 82' lang='lat' dir='ltr'><strong>perpendicularium‚</strong></span> <span class='ocrx_word' id='word_1_24' title='bbox 588 643 787 708; x_wconf 86' lang='lat' dir='ltr'><strong>differentiae</strong></span> <span class='ocrx_word' id='word_1_25' title='bbox 799 644 1121 730; x_wconf 75' lang='lat' dir='ltr'><strong>perpendicularium,</strong></span> 
     </span>
     <span class='ocr_line' id='line_1_6' title="bbox 99 748 1119 836; baseline 0.003 -23"><span class='ocrx_word' id='word_1_26' title='bbox 99 752 135 815; x_wconf 90' lang='lat' dir='ltr'><strong>et</strong></span> <span class='ocrx_word' id='word_1_27' title='bbox 157 770 263 834; x_wconf 83' lang='lat' dir='ltr'><strong>areae,</strong></span> <span class='ocrx_word' id='word_1_28' title='bbox 285 749 385 815; x_wconf 84' lang='lat' dir='ltr'><strong>faeiat</strong></span> <span class='ocrx_word' id='word_1_29' title='bbox 409 752 452 815; x_wconf 79' lang='lat' dir='ltr'><strong>U.</strong></span> <span class='ocrx_word' id='word_1_30' title='bbox 497 748 560 814; x_wconf 89' lang='lat' dir='ltr'><strong>Vel</strong></span> <span class='ocrx_word' id='word_1_31' title='bbox 584 749 613 814; x_wconf 91' lang='lat' dir='ltr'><strong>si</strong></span> <span class='ocrx_word' id='word_1_32' title='bbox 634 749 786 835; x_wconf 88' lang='lat' dir='ltr'><strong>ponimus</strong></span> <span class='ocrx_word' id='word_1_33' title='bbox 808 750 964 816; x_wconf 82' lang='lat' dir='ltr'><strong>maiorem</strong></span> <span class='ocrx_word' id='word_1_34' title='bbox 986 772 1119 836; x_wconf 89' lang='lat' dir='ltr'><strong>perpen-</strong></span> 
     </span>
     <span class='ocr_line' id='line_1_7' title="bbox 100 855 1120 943; baseline 0.003 -24"><span class='ocrx_word' id='word_1_35' title='bbox 100 855 295 921; x_wconf 85' lang='lat' dir='ltr'><strong>dicularium</strong></span> <span class='ocrx_word' id='word_1_36' title='bbox 332 877 402 920; x_wconf 82' lang='lat' dir='ltr'><strong>esse</strong></span> <span class='ocrx_word' id='word_1_37' title='bbox 434 857 465 920; x_wconf 89' lang='lat' dir='ltr'><strong>[l</strong></span> <span class='ocrx_word' id='word_1_38' title='bbox 501 859 534 921; x_wconf 89' lang='lat' dir='ltr'><strong>et</strong></span> <span class='ocrx_word' id='word_1_39' title='bbox 571 855 680 921; x_wconf 88' lang='lat' dir='ltr'><strong>omnia</strong></span> <span class='ocrx_word' id='word_1_40' title='bbox 716 877 775 941; x_wconf 87' lang='lat' dir='ltr'><strong>per</strong></span> <span class='ocrx_word' id='word_1_41' title='bbox 810 855 900 922; x_wconf 87' lang='lat' dir='ltr'><strong>illam</strong></span> <span class='ocrx_word' id='word_1_42' title='bbox 937 856 1120 943; x_wconf 70' lang='lat' dir='ltr'><strong>dividimuS,</strong></span> 
     </span>
     <span class='ocr_line' id='line_1_8' title="bbox 101 961 1118 1048; baseline 0.003 -22"><span class='ocrx_word' id='word_1_43' title='bbox 101 983 308 1047; x_wconf 83' lang='lat' dir='ltr'><strong>quaeremus:</strong></span> <span class='ocrx_word' id='word_1_44' title='bbox 335 961 495 1027; x_wconf 85' lang='lat' dir='ltr'><strong>minorem</strong></span> <span class='ocrx_word' id='word_1_45' title='bbox 517 961 842 1047; x_wconf 82' lang='lat' dir='ltr'><strong>perpendicularium,</strong></span> <span class='ocrx_word' id='word_1_46' title='bbox 864 964 938 1047; x_wconf 90' lang='lat' dir='ltr'><strong>plus</strong></span> <span class='ocrx_word' id='word_1_47' title='bbox 960 962 1118 1048; x_wconf 79' lang='lat' dir='ltr'><strong>producto</strong></span> 
     </span>
     <span class='ocr_line' id='line_1_9' title="bbox 100 1067 1014 1154; baseline 0.001 -21"><span class='ocrx_word' id='word_1_48' title='bbox 100 1089 196 1133; x_wconf 74' lang='lat' dir='ltr'><strong>meae</strong></span> <span class='ocrx_word' id='word_1_49' title='bbox 220 1072 253 1133; x_wconf 85' lang='lat' dir='ltr'><strong>et</strong></span> <span class='ocrx_word' id='word_1_50' title='bbox 276 1067 474 1133; x_wconf 82' lang='lat' dir='ltr'><strong>differentiae</strong></span> <span class='ocrx_word' id='word_1_51' title='bbox 497 1067 819 1154; x_wconf 77' lang='lat' dir='ltr'><strong>perpendicularium,</strong></span> <span class='ocrx_word' id='word_1_52' title='bbox 841 1069 948 1135; x_wconf 84' lang='lat' dir='ltr'><strong>faeere</strong></span> <span class='ocrx_word' id='word_1_53' title='bbox 973 1071 1014 1134; x_wconf 90' lang='lat'><strong>[].</strong></span> 
     </span>
    </p>
   </div>
   <div class='ocr_carea' id='block_1_3' title="bbox 98 1208 1120 1508">
    <p class='ocr_par' dir='ltr' id='par_1_3' title="bbox 98 1208 1120 1508">
     <span class='ocr_line' id='line_1_10' title="bbox 167 1208 1120 1297; baseline 0.002 -23"><span class='ocrx_word' id='word_1_54' title='bbox 167 1208 349 1274; x_wconf 81' lang='lat' dir='ltr'><strong>Deducitur</strong></span> <span class='ocrx_word' id='word_1_55' title='bbox 365 1230 427 1292; x_wconf 84' lang='lat' dir='ltr'><strong>res,</strong></span> <span class='ocrx_word' id='word_1_56' title='bbox 446 1208 571 1274; x_wconf 89' lang='lat' dir='ltr'><strong>duobus</strong></span> <span class='ocrx_word' id='word_1_57' title='bbox 589 1209 731 1274; x_wconf 90' lang='lat' dir='ltr'><strong>numeris</strong></span> <span class='ocrx_word' id='word_1_58' title='bbox 745 1209 897 1295; x_wconf 86' lang='lat' dir='ltr'><strong>inventis,</strong></span> <span class='ocrx_word' id='word_1_59' title='bbox 914 1232 1031 1297; x_wconf 89' lang='lat' dir='ltr'><strong>nempe</strong></span> <span class='ocrx_word' id='word_1_60' title='bbox 1047 1234 1120 1297; x_wconf 91' lang='lat' dir='ltr'><strong>pro-</strong></span> 
     </span>
     <span class='ocr_line' id='line_1_11' title="bbox 100 1315 1119 1402; baseline 0.003 -22"><span class='ocrx_word' id='word_1_61' title='bbox 100 1315 198 1381; x_wconf 84' lang='lat' dir='ltr'><strong>ducto</strong></span> <span class='ocrx_word' id='word_1_62' title='bbox 213 1336 307 1380; x_wconf 87' lang='lat' dir='ltr'><strong>areae</strong></span> <span class='ocrx_word' id='word_1_63' title='bbox 321 1315 582 1400; x_wconf 85' lang='lat' dir='ltr'><strong>differentiaeque</strong></span> <span class='ocrx_word' id='word_1_64' title='bbox 599 1315 923 1402; x_wconf 67' lang='lat' dir='ltr'><strong>perpendiculum,</strong></span> <span class='ocrx_word' id='word_1_65' title='bbox 942 1321 975 1383; x_wconf 88' lang='lat' dir='ltr'><strong>et</strong></span> <span class='ocrx_word' id='word_1_66' title='bbox 994 1318 1119 1383; x_wconf 89' lang='lat' dir='ltr'><strong>minore</strong></span> 
     </span>
     <span class='ocr_line' id='line_1_12' title="bbox 98 1420 1118 1508; baseline 0.003 -22"><span class='ocrx_word' id='word_1_67' title='bbox 98 1420 428 1506; x_wconf 59' lang='lat' dir='ltr'><strong>perpendicularem,</strong></span> <span class='ocrx_word' id='word_1_68' title='bbox 461 1422 501 1486; x_wconf 88' lang='lat' dir='ltr'><strong>ad</strong></span> <span class='ocrx_word' id='word_1_69' title='bbox 533 1422 751 1506; x_wconf 88' lang='lat' dir='ltr'><strong>quaerendum</strong></span> <span class='ocrx_word' id='word_1_70' title='bbox 784 1443 894 1487; x_wconf 82' lang='lat' dir='ltr'><strong>rursus</strong></span> <span class='ocrx_word' id='word_1_71' title='bbox 924 1423 1118 1508; x_wconf 85' lang='lat' dir='ltr'><strong>quadratum</strong></span> 
     </span>
    </p>
   </div>
   <div class='ocr_carea' id='block_1_4' title="bbox 99 1527 1117 1718">
    <p class='ocr_par' dir='ltr' id='par_1_4' title="bbox 99 1527 1117 1718">
     <span class='ocr_line' id='line_1_13' title="bbox 100 1527 1117 1612; baseline 0.002 -20"><span class='ocrx_word' id='word_1_72' title='bbox 100 1527 277 1612; x_wconf 82' lang='lat' dir='ltr'><strong>quendam,</strong></span> <span class='ocrx_word' id='word_1_73' title='bbox 304 1527 360 1612; x_wconf 89' lang='lat' dir='ltr'><strong>qui</strong></span> <span class='ocrx_word' id='word_1_74' title='bbox 382 1527 617 1611; x_wconf 79' lang='lat' dir='ltr'><strong>multiplicatus</strong></span> <span class='ocrx_word' id='word_1_75' title='bbox 640 1529 675 1592; x_wconf 88' lang='lat' dir='ltr'><strong>in</strong></span> <span class='ocrx_word' id='word_1_76' title='bbox 697 1550 798 1594; x_wconf 91' lang='lat' dir='ltr'><strong>unum</strong></span> <span class='ocrx_word' id='word_1_77' title='bbox 822 1528 986 1612; x_wconf 87' lang='lat' dir='ltr'><strong>datorum,</strong></span> <span class='ocrx_word' id='word_1_78' title='bbox 1014 1530 1117 1594; x_wconf 86' lang='lat' dir='ltr'><strong>altero</strong></span> 
     </span>
     <span class='ocr_line' id='line_1_14' title="bbox 99 1633 408 1718; baseline 0 -20"><span class='ocrx_word' id='word_1_79' title='bbox 99 1633 221 1718; x_wconf 86' lang='lat' dir='ltr'><strong>addito,</strong></span> <span class='ocrx_word' id='word_1_80' title='bbox 242 1633 342 1698; x_wconf 84' lang='lat' dir='ltr'><strong>faeiat</strong></span> <span class='ocrx_word' id='word_1_81' title='bbox 367 1635 408 1698; x_wconf 76' lang='grc' dir='ltr'><strong>Π·</strong></span> 
     </span>
    </p>
   </div>
   <div class='ocr_carea' id='block_1_5' title="bbox 48 1774 1117 1966">
    <p class='ocr_par' dir='ltr' id='par_1_5' title="bbox 48 1774 1117 1966">
     <span class='ocr_line' id='line_1_15' title="bbox 48 1774 1117 1861; baseline 0.001 -23"><span class='ocrx_word' id='word_1_82' title='bbox 48 1777 52 1784; x_wconf 89' lang='grc'><strong>’</strong></span> <span class='ocrx_word' id='word_1_83' title='bbox 166 1774 236 1839; x_wconf 81' lang='lat' dir='ltr'><strong>Ista</strong></span> <span class='ocrx_word' id='word_1_84' title='bbox 263 1774 419 1840; x_wconf 86' lang='lat' dir='ltr'><strong>lemmata</strong></span> <span class='ocrx_word' id='word_1_85' title='bbox 443 1797 542 1861; x_wconf 87' lang='lat' dir='ltr'><strong>supra</strong></span> <span class='ocrx_word' id='word_1_86' title='bbox 565 1778 748 1840; x_wconf 85' lang='lat' dir='ltr'><strong>monstrata</strong></span> <span class='ocrx_word' id='word_1_87' title='bbox 771 1779 861 1860; x_wconf 84' lang='lat' dir='ltr'><strong>sunt,</strong></span> <span class='ocrx_word' id='word_1_88' title='bbox 889 1779 921 1840; x_wconf 88' lang='lat' dir='ltr'><strong>et</strong></span> <span class='ocrx_word' id='word_1_89' title='bbox 945 1777 995 1840; x_wconf 86' lang='lat' dir='ltr'><strong>est</strong></span> <span class='ocrx_word' id='word_1_90' title='bbox 1017 1774 1117 1839; x_wconf 87' lang='lat' dir='ltr'><strong>triau-</strong></span> 
     </span>
     <span class='ocr_line' id='line_1_16' title="bbox 99 1880 1061 1966; baseline 0 -21"><span class='ocrx_word' id='word_1_91' title='bbox 99 1880 229 1965; x_wconf 84' lang='lat' dir='ltr'><strong>gulum:</strong></span> <span class='ocrx_word' id='word_1_92' title='bbox 253 1880 283 1945; x_wconf 88' lang='lat'><strong>3.</strong></span> <span class='ocrx_word' id='word_1_93' title='bbox 305 1881 336 1948; x_wconf 83' lang='lat'><strong>4.</strong></span> <span class='ocrx_word' id='word_1_94' title='bbox 360 1880 391 1946; x_wconf 84' lang='lat'><strong>5.</strong></span> <span class='ocrx_word' id='word_1_95' title='bbox 434 1880 520 1946; x_wconf 94' lang='lat' dir='ltr'><strong>Illud</strong></span> <span class='ocrx_word' id='word_1_96' title='bbox 542 1903 630 1966; x_wconf 91' lang='lat' dir='ltr'><strong>pono</strong></span> <span class='ocrx_word' id='word_1_97' title='bbox 653 1882 687 1946; x_wconf 92' lang='lat' dir='ltr'><strong>in</strong></span> <span class='ocrx_word' id='word_1_98' title='bbox 709 1902 745 1965; x_wconf 63' lang='lat'><strong>503</strong></span> <span class='ocrx_word' id='word_1_99' title='bbox 768 1881 807 1945; x_wconf 90' lang='lat' dir='ltr'><strong>fit</strong></span> <span class='ocrx_word' id='word_1_100' title='bbox 830 1881 1061 1966; x_wconf 87' lang='lat' dir='ltr'><strong>quaerendum:</strong></span> 
     </span>
    </p>
   </div>
   <div class='ocr_carea' id='block_1_6' title="bbox 252 2036 966 2127">
    <p class='ocr_par' dir='ltr' id='par_1_6' title="bbox 252 2036 966 2127">
     <span class='ocr_line' id='line_1_17' title="bbox 252 2036 966 2127; baseline 0.004 -22"><span class='ocrx_word' id='word_1_101' title='bbox 252 2036 548 2127; x_wconf 67' lang='lat' dir='ltr'><strong>ex⁹÷4oe=m</strong></span> <span class='ocrx_word' id='word_1_102' title='bbox 593 2044 625 2106; x_wconf 74' lang='lat' dir='ltr'><strong>et</strong></span> <span class='ocrx_word' id='word_1_103' title='bbox 670 2037 966 2124; x_wconf 62' lang='lat' dir='ltr'><strong>exr÷au=m</strong></span> 
     </span>
    </p>
   </div>
   <div class='ocr_carea' id='block_1_7' title="bbox 99 2197 1117 2286">
    <p class='ocr_par' dir='ltr' id='par_1_7' title="bbox 99 2197 1117 2286">
     <span class='ocr_line' id='line_1_18' title="bbox 99 2197 1117 2286; baseline 0 -22"><span class='ocrx_word' id='word_1_104' title='bbox 99 2197 134 2265; x_wconf 84' lang='lat' dir='ltr'><strong>Si</strong></span> <span class='ocrx_word' id='word_1_105' title='bbox 166 2219 279 2264; x_wconf 87' lang='lat' dir='ltr'><strong>rursus</strong></span> <span class='ocrx_word' id='word_1_106' title='bbox 307 2198 500 2264; x_wconf 82' lang='lat' dir='ltr'><strong>resolvimus</strong></span> <span class='ocrx_word' id='word_1_107' title='bbox 527 2199 684 2265; x_wconf 88' lang='lat' dir='ltr'><strong>maiorem</strong></span> <span class='ocrx_word' id='word_1_108' title='bbox 717 2201 960 2286; x_wconf 76' lang='lat' dir='ltr'><strong>aequationem,</strong></span> <span class='ocrx_word' id='word_1_109' title='bbox 990 2200 1030 2264; x_wconf 88' lang='lat' dir='ltr'><strong>fit</strong></span> <span class='ocrx_word' id='word_1_110' title='bbox 1059 2223 1117 2265; x_wconf 89' lang='lat' dir='ltr'><strong>nu-</strong></span> 
     </span>
    </p>
   </div>
   <div class='ocr_carea' id='block_1_8' title="bbox 267 2307 1116 2463">
    <p class='ocr_par' dir='ltr' id='par_1_8' title="bbox 267 2307 1116 2463">
     <span class='ocr_line' id='line_1_19' title="bbox 267 2307 1116 2463; baseline 0.002 -57"><span class='ocrx_word' id='word_1_111' title='bbox 267 2307 392 2447; x_wconf 39' lang='lat'><strong>&amp;533</strong></span> <span class='ocrx_word' id='word_1_112' title='bbox 430 2340 520 2406; x_wconf 89' lang='lat' dir='ltr'><strong>euius</strong></span> <span class='ocrx_word' id='word_1_113' title='bbox 559 2343 735 2432; x_wconf 81' lang='lat' dir='ltr'><strong>quadratus</strong></span> <span class='ocrx_word' id='word_1_114' title='bbox 769 2346 819 2408; x_wconf 89' lang='lat' dir='ltr'><strong>est</strong></span> <span class='ocrx_word' id='word_1_115' title='bbox 849 2310 1116 2463; x_wconf 52' lang='lat' dir='ltr'><strong>xT-l-‘o‘e&#39;ffiss&#39;r‘w</strong></span> 
     </span>
    </p>
   </div>
   <div class='ocr_carea' id='block_1_9' title="bbox 96 2481 1134 2637">
    <p class='ocr_par' dir='ltr' id='par_1_9' title="bbox 96 2481 1134 2637">
     <span class='ocr_line' id='line_1_20' title="bbox 96 2481 1134 2637; baseline 0.003 -53"><span class='ocrx_word' id='word_1_116' title='bbox 96 2491 189 2602; x_wconf 76' lang='lat' dir='ltr'><strong>Ergo</strong></span> <span class='ocrx_word' id='word_1_117' title='bbox 208 2515 265 2584; x_wconf 77' lang='lat'><strong>6¹⁰¹</strong></span> <span class='ocrx_word' id='word_1_118' title='bbox 282 2518 458 2602; x_wconf 86' lang='lat' dir='ltr'><strong>quadratus</strong></span> <span class='ocrx_word' id='word_1_119' title='bbox 476 2518 550 2603; x_wconf 89' lang='lat' dir='ltr'><strong>plus</strong></span> <span class='ocrx_word' id='word_1_120' title='bbox 567 2521 618 2582; x_wconf 88' lang='lat' dir='ltr'><strong>tor</strong></span> <span class='ocrx_word' id='word_1_121' title='bbox 630 2538 765 2583; x_wconf 89' lang='lat' dir='ltr'><strong>numero</strong></span> <span class='ocrx_word' id='word_1_122' title='bbox 780 2517 843 2582; x_wconf 88' lang='lat' dir='ltr'><strong>erit</strong></span> <span class='ocrx_word' id='word_1_123' title='bbox 856 2481 1116 2637; x_wconf 46' lang='lat' dir='ltr'><strong>ffffiffigae„</strong></span> <span class='ocrx_word' id='word_1_124' title='bbox 1133 2553 1134 2556; x_wconf 39' lang='lat'>¹</span> 
     </span>
    </p>
   </div>
   <div class='ocr_carea' id='block_1_10' title="bbox 97 2337 240 2422">
    <p class='ocr_par' dir='ltr' id='par_1_10' title="bbox 97 2337 240 2422">
     <span class='ocr_line' id='line_1_21' title="bbox 97 2337 240 2422; baseline -0.007 -16"><span class='ocrx_word' id='word_1_125' title='bbox 97 2337 240 2422; x_wconf 85' lang='lat' dir='ltr'><strong>merus¹)</strong></span> 
     </span>
    </p>
   </div>
   <div class='ocr_carea' id='block_1_11' title="bbox 96 2658 1114 2745">
    <p class='ocr_par' dir='ltr' id='par_1_11' title="bbox 96 2658 1114 2745">
     <span class='ocr_line' id='line_1_22' title="bbox 96 2658 1114 2745; baseline -0.002 -21"><span class='ocrx_word' id='word_1_126' title='bbox 96 2662 130 2725; x_wconf 94' lang='lat' dir='ltr'><strong>et</strong></span> <span class='ocrx_word' id='word_1_127' title='bbox 156 2661 197 2724; x_wconf 95' lang='grc'>12</span> <span class='ocrx_word' id='word_1_128' title='bbox 222 2662 254 2724; x_wconf 89' lang='lat' dir='ltr'><strong>et</strong></span> <span class='ocrx_word' id='word_1_129' title='bbox 276 2660 320 2725; x_wconf 93' lang='grc'>24</span> <span class='ocrx_word' id='word_1_130' title='bbox 343 2659 538 2745; x_wconf 85' lang='lat' dir='ltr'><strong>quadratum</strong></span> <span class='ocrx_word' id='word_1_131' title='bbox 560 2659 717 2745; x_wconf 88' lang='lat' dir='ltr'><strong>praebere</strong></span> <span class='ocrx_word' id='word_1_132' title='bbox 736 2659 856 2724; x_wconf 86' lang='lat' dir='ltr'><strong>debent</strong></span> <span class='ocrx_word' id='word_1_133' title='bbox 879 2659 934 2745; x_wconf 92' lang='lat' dir='ltr'><strong>qui</strong></span> <span class='ocrx_word' id='word_1_134' title='bbox 958 2658 1114 2742; x_wconf 87' lang='lat' dir='ltr'><strong>multipli-</strong></span> 
     </span>
    </p>
   </div>
   <div class='ocr_carea' id='block_1_12' title="bbox 96 2919 1115 3064">
    <p class='ocr_par' dir='ltr' id='par_1_12' title="bbox 96 2919 1115 3064">
     <span class='ocr_line' id='line_1_23' title="bbox 170 2919 1115 2992; baseline -0.004 -16"><span class='ocrx_word' id='word_1_135' title='bbox 170 2925 196 2991; x_wconf 87' lang='grc'><strong>1)</strong></span> <span class='ocrx_word' id='word_1_136' title='bbox 215 2922 324 2991; x_wconf 84' lang='lat' dir='ltr'><strong>Nempe</strong></span> <span class='ocrx_word' id='word_1_137' title='bbox 341 2937 473 2976; x_wconf 90' lang='lat' dir='ltr'><strong>numerus</strong></span> <span class='ocrx_word' id='word_1_138' title='bbox 487 2920 647 2992; x_wconf 84' lang='lat' dir='ltr'><strong>incognitus</strong></span> <span class='ocrx_word' id='word_1_139' title='bbox 661 2924 747 2978; x_wconf 87' lang='lat' dir='ltr'><strong>antea</strong></span> <span class='ocrx_word' id='word_1_140' title='bbox 764 2919 875 2992; x_wconf 85' lang='lat' dir='ltr'><strong>positus</strong></span> <span class='ocrx_word' id='word_1_141' title='bbox 893 2937 921 2976; x_wconf 77' lang='lat' dir='ltr'><strong>x.</strong></span> <span class='ocrx_word' id='word_1_142' title='bbox 958 2919 1054 2974; x_wconf 86' lang='lat' dir='ltr'><strong>Novus</strong></span> <span class='ocrx_word' id='word_1_143' title='bbox 1073 2919 1115 2972; x_wconf 90' lang='lat' dir='ltr'><strong>in·</strong></span> 
     </span>
     <span class='ocr_line' id='line_1_24' title="bbox 96 2991 852 3064; baseline -0.001 -14"><span class='ocrx_word' id='word_1_144' title='bbox 96 2991 229 3064; x_wconf 81' lang='lat' dir='ltr'><strong>cognitus</strong></span> <span class='ocrx_word' id='word_1_145' title='bbox 248 2991 438 3047; x_wconf 76' lang='lat' dir='ltr'><strong>introducitur</strong></span> <span class='ocrx_word' id='word_1_146' title='bbox 456 2991 509 3045; x_wconf 90' lang='lat' dir='ltr'><strong>sub</strong></span> <span class='ocrx_word' id='word_1_147' title='bbox 528 2993 629 3048; x_wconf 88' lang='lat' dir='ltr'><strong>eadem</strong></span> <span class='ocrx_word' id='word_1_148' title='bbox 647 2992 852 3064; x_wconf 76' lang='lat' dir='ltr'><strong>designatione.</strong></span> 
     </span>
    </p>
   </div>
   <div class='ocr_carea' id='block_1_13' title="bbox 94 3203 1147 3598">
    <p class='ocr_par' dir='ltr' id='par_1_13' title="bbox 95 3203 1147 3376">
     <span class='ocr_line' id='line_1_25' title="bbox 96 3203 1147 3296; baseline -0.003 -18"><span class='ocrx_word' id='word_1_149' title='bbox 96 3225 177 3296; x_wconf 79' lang='lat' dir='ltr'><strong>(item</strong></span> <span class='ocrx_word' id='word_1_150' title='bbox 194 3203 222 3292; x_wconf 79' lang='lat' dir='ltr'><strong>p.</strong></span> <span class='ocrx_word' id='word_1_151' title='bbox 237 3226 298 3292; x_wconf 78' lang='lat'>420,</span> <span class='ocrx_word' id='word_1_152' title='bbox 313 3223 350 3290; x_wconf 93' lang='grc'>2).</span> <span class='ocrx_word' id='word_1_153' title='bbox 435 3225 465 3274; x_wconf 86' lang='grc'><strong>17</strong></span> <span class='ocrx_word' id='word_1_154' title='bbox 485 3220 571 3275; x_wconf 74' lang='grc' dir='ltr'><strong><em>αὐτὸν</em></strong></span> <span class='ocrx_word' id='word_1_155' title='bbox 589 3221 650 3276; x_wconf 87' lang='grc' dir='ltr'><strong>ΑΒ.</strong></span> <span class='ocrx_word' id='word_1_156' title='bbox 733 3226 770 3276; x_wconf 91' lang='grc'>20</span> <span class='ocrx_word' id='word_1_157' title='bbox 788 3220 874 3293; x_wconf 76' lang='grc' dir='ltr'><strong>μορίω</strong></span> <span class='ocrx_word' id='word_1_158' title='bbox 892 3208 950 3293; x_wconf 62' lang='grc' dir='ltr'><strong>ΔΥ]</strong></span> <span class='ocrx_word' id='word_1_159' title='bbox 975 3212 1045 3292; x_wconf 65' lang='lat' dir='ltr'><strong>iod,</strong></span> <span class='ocrx_word' id='word_1_160' title='bbox 1064 3241 1115 3292; x_wconf 85' lang='grc' dir='ltr'><strong>μο-</strong></span> <span class='ocrx_word' id='word_1_161' title='bbox 1144 3268 1147 3274; x_wconf 93' lang='grc'><em>,</em></span> 
     </span>
     <span class='ocr_line' id='line_1_26' title="bbox 95 3288 1042 3376; baseline -0.003 -25"><span class='ocrx_word' id='word_1_162' title='bbox 95 3295 163 3352; x_wconf 74' lang='lat' dir='ltr'><strong>voldt</strong></span> <span class='ocrx_word' id='word_1_163' title='bbox 181 3294 225 3365; x_wconf 58' lang='grc' dir='ltr'><strong>Βι.</strong></span> <span class='ocrx_word' id='word_1_164' title='bbox 316 3291 396 3364; x_wconf 67' lang='lat' dir='ltr'><strong>aljan</strong></span> <span class='ocrx_word' id='word_1_165' title='bbox 416 3289 550 3361; x_wconf 68' lang='lat' dir='ltr'><strong>deuoluere</strong></span> <span class='ocrx_word' id='word_1_166' title='bbox 567 3294 598 3364; x_wconf 77' lang='grc' dir='ltr'><strong>ξ]</strong></span> <span class='ocrx_word' id='word_1_167' title='bbox 625 3291 771 3362; x_wconf 74' lang='grc' dir='ltr'><strong>δυνάμεως</strong></span> <span class='ocrx_word' id='word_1_168' title='bbox 794 3288 968 3376; x_wconf 48' lang='grc' dir='ltr'><strong><em>ἕξαπλασίοζν</em></strong></span> <span class='ocrx_word' id='word_1_169' title='bbox 987 3293 1042 3349; x_wconf 83' lang='grc' dir='ltr'><strong>Βα.</strong></span> 
     </span>
    </p>

    <p class='ocr_par' dir='ltr' id='par_1_14' title="bbox 94 3379 1114 3598">
     <span class='ocr_line' id='line_1_27' title="bbox 95 3379 1114 3455; baseline -0.007 -15"><span class='ocrx_word' id='word_1_170' title='bbox 95 3390 129 3440; x_wconf 92' lang='grc'><strong>22</strong></span> <span class='ocrx_word' id='word_1_171' title='bbox 149 3383 209 3454; x_wconf 61' lang='grc' dir='ltr'><strong>γι]</strong></span> <span class='ocrx_word' id='word_1_172' title='bbox 237 3383 347 3436; x_wconf 69' lang='lat' dir='ltr'><strong>[voveat</strong></span> <span class='ocrx_word' id='word_1_173' title='bbox 366 3380 425 3448; x_wconf 83' lang='grc' dir='ltr'><strong>ΑΒ,</strong></span> <span class='ocrx_word' id='word_1_174' title='bbox 444 3395 498 3434; x_wconf 90' lang='lat' dir='ltr'><strong>om.</strong></span> <span class='ocrx_word' id='word_1_175' title='bbox 517 3381 572 3437; x_wconf 81' lang='lat' dir='ltr'><strong>Bo.</strong></span> <span class='ocrx_word' id='word_1_176' title='bbox 645 3387 680 3436; x_wconf 77' lang='grc'>23</span> <span class='ocrx_word' id='word_1_177' title='bbox 699 3379 833 3450; x_wconf 73' lang='grc' dir='ltr'><strong>δυνάμεις</strong></span> <span class='ocrx_word' id='word_1_178' title='bbox 852 3380 909 3453; x_wconf 77' lang='grc' dir='ltr'><strong>ἄρα</strong></span> <span class='ocrx_word' id='word_1_179' title='bbox 928 3384 957 3455; x_wconf 80' lang='grc' dir='ltr'><strong>ιβ</strong></span> <span class='ocrx_word' id='word_1_180' title='bbox 976 3380 1064 3450; x_wconf 90' lang='lat' dir='ltr'><strong>suppl.</strong></span> <span class='ocrx_word' id='word_1_181' title='bbox 1083 3380 1114 3434; x_wconf 92' lang='lat' dir='ltr'><strong>in</strong></span> 
     </span>
     <span class='ocr_line' id='line_1_28' title="bbox 94 3449 1113 3522; baseline -0.006 -12"><span class='ocrx_word' id='word_1_182' title='bbox 94 3457 199 3511; x_wconf 81' lang='lat' dir='ltr'><strong>lacuna</strong></span> <span class='ocrx_word' id='word_1_183' title='bbox 245 3471 271 3520; x_wconf 85' lang='lat' dir='ltr'><strong>a,</strong></span> <span class='ocrx_word' id='word_1_184' title='bbox 295 3467 368 3521; x_wconf 87' lang='lat' dir='ltr'><strong>quae</strong></span> <span class='ocrx_word' id='word_1_185' title='bbox 386 3449 501 3506; x_wconf 82' lang='lat' dir='ltr'><strong>mutavi.</strong></span> <span class='ocrx_word' id='word_1_186' title='bbox 574 3450 730 3522; x_wconf 75' lang='grc' dir='ltr'><strong>ὀφείλουσι]</strong></span> <span class='ocrx_word' id='word_1_187' title='bbox 750 3452 796 3505; x_wconf 87' lang='grc' dir='ltr'><strong>Βα</strong></span> <span class='ocrx_word' id='word_1_188' title='bbox 815 3450 879 3506; x_wconf 89' lang='lat' dir='ltr'><strong>add.</strong></span> <span class='ocrx_word' id='word_1_189' title='bbox 899 3453 958 3506; x_wconf 77' lang='grc' dir='ltr'><em>ἴσαι</em></span> <span class='ocrx_word' id='word_1_190' title='bbox 977 3449 1050 3506; x_wconf 79' lang='grc' dir='ltr'><strong><em>εἶναι</em></strong></span> <span class='ocrx_word' id='word_1_191' title='bbox 1069 3470 1113 3504; x_wconf 80' lang='grc' dir='ltr'><strong>τε-</strong></span> 
     </span>
     <span class='ocr_line' id='line_1_29' title="bbox 94 3520 689 3598; baseline -0.01 -16"><span class='ocrx_word' id='word_1_192' title='bbox 94 3525 237 3598; x_wconf 77' lang='grc' dir='ltr'><strong>τραγώνῳ,</strong></span> <span class='ocrx_word' id='word_1_193' title='bbox 256 3523 305 3579; x_wconf 80' lang='grc' dir='ltr'><strong>καὶ</strong></span> <span class='ocrx_word' id='word_1_194' title='bbox 323 3521 462 3592; x_wconf 70' lang='grc' dir='ltr'><strong>ἀπάγεται</strong></span> <span class='ocrx_word' id='word_1_195' title='bbox 481 3520 520 3586; x_wconf 79' lang='grc' dir='ltr'><strong>εἰς</strong></span> <span class='ocrx_word' id='word_1_196' title='bbox 538 3523 569 3578; x_wconf 79' lang='grc' dir='ltr'><strong>τὸ</strong></span> <span class='ocrx_word' id='word_1_197' title='bbox 589 3523 689 3593; x_wconf 80' lang='grc' dir='ltr'><strong><em>εὑρεῖν.</em></strong></span> 
     </span>
    </p>
   </div>
   <div class='ocr_carea' id='block_1_14' title="bbox 895 3610 949 3664">
    <p class='ocr_par' dir='ltr' id='par_1_15' title="bbox 895 3610 949 3664">
     <span class='ocr_line' id='line_1_30' title="bbox 895 3610 949 3664; baseline 0.019 -1"><span class='ocrx_word' id='word_1_198' title='bbox 895 3610 949 3664; x_wconf 79' lang='grc'>27*</span> 
     </span>
    </p>
   </div>
   <div class='ocr_carea' id='block_1_15' title="bbox 0 0 1278 3986">
    <p class='ocr_par' dir='ltr' id='par_1_16' title="bbox 0 0 1278 3986">
     <span class='ocr_line' id='line_1_31' title="bbox 0 0 1278 3986; baseline 0 1"><span class='ocrx_word' id='word_1_199' title='bbox 0 0 1278 3986; x_wconf 95' lang='lat' dir='ltr'><strong> </strong></span> 
     </span>
    </p>
   </div>
  </div>
 </body>
</html>
