2548 3962
170 158 237 222 132
524 156 778 211 ΑΡΙοΜΗΤΙΚαα
797 159 828 211 Β.

236 321 326 384 ἔσται
359 317 377 383 6
412 314 474 402 μὲν
505 328 551 383 αοο
574 319 609 402 ξ,
641 317 659 383 6
693 314 729 382 δὲ
762 323 809 403 βοο
829 304 867 402 λ,
899 316 955 383 καὶ
986 327 1124 384 ποιοῦσι
1154 322 1191 385 τὸ

168 428 352 511 πρόβλημα.
650 517 691 598 λβ

236 637 361 724 Εὑρεῖν
385 649 473 724 τρεῖς
496 637 661 722 άριδμοὺς
684 635 773 714 ὅπως
792 637 810 702 6
830 636 894 702 άπὸ
919 633 1058 704 ἑκάστου
1078 637 1191 704 αὐτῶν

143 745 375 831 ετετράψωνος
396 745 597 830 προσλαβὼν
620 746 679 809 τὸν
703 741 776 828 ἑξῆς
799 752 879 828 ποιῇ
901 743 1121 830 τετράγωνον.

241 852 396 937 Τετάχθω
424 850 442 915 6
467 846 528 934 μὲν
556 859 602 914 αοο
624 860 691 933 βα,
721 849 776 915 καὶ
805 849 886 932 ε’πεί,
910 849 968 915 ἐάν
996 842 1017 937 ᾗ
1046 851 1192 936 ἀριθμὸς

172 958 319 1041 άριδμοῦ
352 958 536 1022 διπλασίων
573 954 629 1021 καί
662 957 785 1041 μονάδι
816 959 950 1041 μείζων,
984 955 1001 1021 6
1034 957 1098 1023 άπὸ
1129 967 1191 1024 τοῦ

172 1063 352 1140 ἐλάσσονος
374 1062 590 1149 τετράγωνος,
612 1063 814 1148 προσλαβὼν
841 1066 900 1128 τὸν
929 1065 1072 1147 μείζονα,
1100 1075 1193 1130 ποιεῖ

171 1169 391 1254 τετράγωνον,
414 1169 563 1254 τετάχθω
587 1168 605 1234 6
629 1173 676 1253 βολ
693 1179 754 1235 τοῦ
778 1179 827 1234 αοο
845 1171 1030 1234 διπλασίων
1052 1168 1108 1235 καὶ
1132 1195 1191 1255 μο-

131 1296 158 1336 10
171 1275 249 1340 νάδι
268 1278 399 1358 μείζων,
421 1273 476 1341 καὶ
496 1278 586 1341 ἔσται
606 1276 763 1359 δηλονότι
781 1261 833 1360 Ξβ
846 1264 929 1359 Ma,
951 1274 1007 1341 καί
1030 1277 1077 1340 ἔτι
1101 1275 1119 1341 6
1145 1286 1192 1359 ψοο

171 1376 292 1446 τούτου
313 1383 497 1448 διπλασίων
514 1380 569 1447 καὶ
589 1383 712 1466 μονάδι
731 1386 850 1466 μείζων
868 1380 923 1448 καὶ
943 1384 1034 1447 ἔσται
1051 1368 1103 1450 εδ
1112 1370 1190 1464 λίψ.

171 1486 227 1553 καὶ
251 1491 426 1572 συμβαίνει
453 1491 512 1554 τὸν
540 1487 603 1553 άπὸ
632 1497 693 1553 τοῦ
718 1499 767 1553 αοο
792 1493 851 1553 Πολ
875 1491 1108 1574 προσλαβόντα
1131 1491 1192 1554 τὸν

172 1597 232 1679 βολ,
259 1598 415 1677 γίνεσθαι
440 1598 510 1677 Πολ,
539 1594 627 1657 AY&
639 1579 792 1679 εβλάα,
819 1592 875 1661 καὶ
899 1596 1020 1679 ὁμοίως
1042 1597 1101 1660 τὸν
1126 1594 1190 1660 άπὸ

173 1710 233 1766 τοῦ
251 1705 301 1786 βοο
319 1703 552 1787 προσλαβόντα
571 1703 629 1766 τὸν
652 1711 712 1786 ψολ,
734 1710 843 1767 ποιεῖν
864 1705 935 1785 Πολ,
958 1686 1191 1784 msam.

133 1827 158 1868 15
239 1809 362 1892 Δεήσει
381 1809 445 1892 άρα
467 1805 599 1872 καὶτὸν
623 1805 686 1873 άπὸ
708 1819 771 1874 τοῦ
793 1819 842 1892 νοο
866 1813 937 1893 Πολ,
957 1811 1192 1894 προσλαβόντα

171 1916 231 1980 τὸν
254 1924 313 1997 αολ,
340 1925 450 1979 ποιεῖν
475 1918 544 1978 Πολ.
591 1910 663 1977 ἀλλ’
691 1913 708 1979 6
732 1913 796 1981 άπὸ
820 1923 880 1981 τοῦ
902 1925 961 1998 γοο,
989 1917 1191 1999 προσλαβὼν

171 2023 231 2085 τὸν
254 2030 312 2104 αολ,
337 2030 429 2086 ποιεῖ
448 2005 742 2120 mama
762 2031 864 2087 ταῦτα
889 2027 943 2086 ίσα
969 2025 1028 2085 Πολ.

238 2126 375 2190 πλάσσω
393 2127 452 2191 τὸν
473 2129 533 2189 Πολ
551 2125 615 2193 άπὸ
634 2123 677 2192 πο·
691 2113 843 2196 §6616
849 2113 882 2192 δ·
902 2127 1001 2203 αὐτὸς
1018 2129 1083 2213 ίίρα
1101 2130 1192 2194 ἔσται

835 2251 851 2285 λλ

173 2303 506 2404 ΔΥῑξλοίΕιοβλ-β,
528 2319 585 2421 καὶ
607 2326 734 2406 γίνεται
758 2322 775 2388 6
798 2233 878 2401 εἷς.
1022 2415 1104 2422 —

133 2444 160 2484 νο
241 2428 331 2491 ἔσται
355 2427 373 2492 6
397 2424 459 2511 μὲν
481 2439 528 2492 αοο
552 2433 576 2511 ζ,
601 2429 619 2494 6
643 2426 681 2494 δὲ
703 2433 750 2515 βοο
772 2431 827 2512 aa,
852 2428 869 2494 6
894 2425 931 2494 δὲ
953 2439 999 2512 γοο
1019 2431 1114 2515 ρ’τθ,
1137 2427 1192 2494 καὶ

173 2541 308 2598 ποιοῦσι
331 2535 368 2599 τὸ
391 2537 575 2621 πρόβλημα.

658 2665 708 2743 λγ.

241 2781 367 2868 Εὑρεῖν
386 2793 472 2869 τρεῖς
490 2765 656 2869 άριδμοὺς
675 2783 763 2860 ὅπως
786 2783 803 2849 6
828 2783 892 2848 άπὸ
917 2781 1056 2849 ἑκάστου
1080 2785 1191 2850 αὐτῶν

175 2888 379 2974 τετράγωνος
402 2893 508 2967 λείψει
530 2898 591 2954 τοῦ
615 2886 687 2972 ἑξῆς
710 2897 788 2974 ποιῇ
812 2888 1029 2975 τετράγωνον.

135 3009 161 3052 25
242 2990 309 3057 Καὶ
328 2992 408 3076 ἐπεί,
432 2992 491 3058 ἐὰν
514 2992 658 3079 άρνδμδς
678 2994 826 3080 ἀριθμοῦ
849 2989 871 3082 ᾗ
896 2997 1080 3063 διπλασίων
1103 2999 1191 3083 παρὰ

175 3098 316 3184 μονάδα,
340 3097 357 3163 6
384 3098 447 3164 άπὸ
471 3109 531 3166 τοῦ
555 3099 734 3179 ἐλάσσονος
756 3102 972 3189 τετράγωνος,
1002 3106 1109 3182 λείψει
1132 3113 1192 3170 τοῦ

248 3309 340 3366 Ιξδ
360 3295 459 3363 etia
479 3309 510 3379 Β,
529 3289 569 3370 ξδ’
588 3290 672 3366 πῖθ’
690 3313 744 3368 Βα,
843 3314 1030 3382 ὅποιεῖΑΒ,
1049 3331 1120 3370 corr.
1139 3315 1191 3370 Ba.

211 3386 227 3434 9
246 3379 427 3450 τετράγωνον
446 3381 500 3436 Βα.
587 3389 622 3437 20
640 3383 873 3439 Denominatores
892 3387 926 3450 νζ
941 3386 1024 3439 notat
1042 3384 1074 3440 B.
1157 3393 1192 3441 24

176 3452 280 3523 λείψει]
305 3450 409 3523 ubique
432 3450 463 3505 in
490 3451 543 3508 hoc
571 3455 747 3523 problemate
774 3455 799 3510 A
822 3457 865 3526 (1³
884 3457 932 3525 m.)
966 3455 1080 3526 scripsit
1108 3459 1136 3516 Λλ
1164 3460 1193 3511 ολ

176 3525 277 3591 postea
296 3522 490 3578 accusativum
507 3541 558 3594 pro
577 3525 713 3594 genitivo.
