<?xml version="1.0" encoding="UTF-8"?>
<!DOCTYPE html PUBLIC "-//W3C//DTD XHTML 1.0 Transitional//EN"
    "http://www.w3.org/TR/xhtml1/DTD/xhtml1-transitional.dtd">
<html xmlns="http://www.w3.org/1999/xhtml" xml:lang="en" lang="en">
 <head>
  <title>
</title>
<meta http-equiv="Content-Type" content="text/html;charset=utf-8" />
  <meta name='ocr-system' content='tesseract 3.04.00' />
  <meta name='ocr-capabilities' content='ocr_page ocr_carea ocr_par ocr_line ocrx_word'/>
</head>
<body>
  <div class='ocr_page' id='page_1' title='image "./diophantialexan02diopgoog_0227.png"; bbox 0 0 2552 3962; ppageno 0'>
   <div class='ocr_carea' id='block_1_1' title="bbox 283 185 1113 250">
    <p class='ocr_par' dir='ltr' id='par_1_1' title="bbox 283 185 1113 250">
     <span class='ocr_line' id='line_1_1' title="bbox 283 185 1113 250; baseline 0.006 -12"><span class='ocrx_word' id='word_1_1' title='bbox 283 187 613 239; x_wconf 84' lang='lat' dir='ltr'><strong>ARITHMETICORUM</strong></span> <span class='ocrx_word' id='word_1_2' title='bbox 630 188 740 238; x_wconf 84' lang='lat' dir='ltr'>LIBER</span> <span class='ocrx_word' id='word_1_3' title='bbox 758 188 933 250; x_wconf 80' lang='lat' dir='ltr'><strong>QUARTUS.</strong></span> <span class='ocrx_word' id='word_1_4' title='bbox 1046 185 1113 250; x_wconf 82' lang='lat'><strong>213</strong></span> 
     </span>
    </p>
   </div>
   <div class='ocr_carea' id='block_1_2' title="bbox 92 345 1114 1142">
    <p class='ocr_par' dir='ltr' id='par_1_2' title="bbox 92 345 1114 642">
     <span class='ocr_line' id='line_1_2' title="bbox 163 345 1114 431; baseline -0.003 -17"><span class='ocrx_word' id='word_1_5' title='bbox 163 345 215 414; x_wconf 77' lang='lat' dir='ltr'>sie</span> <span class='ocrx_word' id='word_1_6' title='bbox 248 348 333 414; x_wconf 80' lang='grc'><strong>31333</strong></span> <span class='ocrx_word' id='word_1_7' title='bbox 365 350 426 431; x_wconf 84' lang='grc'><strong>233,</strong></span> <span class='ocrx_word' id='word_1_8' title='bbox 458 349 541 413; x_wconf 79' lang='lat' dir='ltr'>alter</span> <span class='ocrx_word' id='word_1_9' title='bbox 569 349 627 414; x_wconf 88' lang='grc'><strong>333.</strong></span> <span class='ocrx_word' id='word_1_10' title='bbox 679 346 789 414; x_wconf 81' lang='lat' dir='ltr'>Oubus</span> <span class='ocrx_word' id='word_1_11' title='bbox 822 348 955 413; x_wconf 83' lang='lat' dir='ltr'>maioris</span> <span class='ocrx_word' id='word_1_12' title='bbox 987 348 1114 414; x_wconf 87' lang='lat' dir='ltr'>numeri</span> 
     </span>
     <span class='ocr_line' id='line_1_3' title="bbox 92 451 1113 540; baseline -0.002 -20"><span class='ocrx_word' id='word_1_13' title='bbox 92 455 170 540; x_wconf 86' lang='lat' dir='ltr'>plus</span> <span class='ocrx_word' id='word_1_14' title='bbox 193 453 319 520; x_wconf 89' lang='lat' dir='ltr'>minore</span> <span class='ocrx_word' id='word_1_15' title='bbox 342 453 424 519; x_wconf 75' lang='lat' dir='ltr'>feeit</span> <span class='ocrx_word' id='word_1_16' title='bbox 447 451 531 519; x_wconf 82' lang='grc'><strong>21333</strong></span> <span class='ocrx_word' id='word_1_17' title='bbox 546 457 585 536; x_wconf 77' lang='grc'><strong>-1-</strong></span> <span class='ocrx_word' id='word_1_18' title='bbox 603 456 664 540; x_wconf 84' lang='grc'><strong>233,</strong></span> <span class='ocrx_word' id='word_1_19' title='bbox 693 457 726 518; x_wconf 91' lang='grc'><strong>33</strong></span> <span class='ocrx_word' id='word_1_20' title='bbox 754 454 854 520; x_wconf 84' lang='lat' dir='ltr'>eubus</span> <span class='ocrx_word' id='word_1_21' title='bbox 882 453 1016 519; x_wconf 82' lang='lat' dir='ltr'>minoris</span> <span class='ocrx_word' id='word_1_22' title='bbox 1040 455 1113 538; x_wconf 84' lang='lat' dir='ltr'>plus</span> 
     </span>
     <span class='ocr_line' id='line_1_4' title="bbox 94 558 539 642; baseline -0.004 -15"><span class='ocrx_word' id='word_1_23' title='bbox 94 562 221 628; x_wconf 80' lang='lat' dir='ltr'>maiore</span> <span class='ocrx_word' id='word_1_24' title='bbox 243 561 325 627; x_wconf 76' lang='lat' dir='ltr'>feeit</span> <span class='ocrx_word' id='word_1_25' title='bbox 348 558 411 626; x_wconf 88' lang='grc'><strong>833</strong></span> <span class='ocrx_word' id='word_1_26' title='bbox 426 563 466 642; x_wconf 81' lang='grc' dir='ltr'><strong>-Ι-</strong></span> <span class='ocrx_word' id='word_1_27' title='bbox 483 561 539 627; x_wconf 85' lang='grc'><strong>333.</strong></span> 
     </span>
    </p>

    <p class='ocr_par' dir='ltr' id='par_1_3' title="bbox 161 667 255 754">
     <span class='ocr_line' id='line_1_5' title="bbox 161 667 255 754; baseline 0 -22"><span class='ocrx_word' id='word_1_28' title='bbox 161 667 255 754; x_wconf 80' lang='lat' dir='ltr'>Ergo</span> 
     </span>
    </p>

    <p class='ocr_par' dir='ltr' id='par_1_4' title="bbox 94 753 824 1065">
     <span class='ocr_line' id='line_1_6' title="bbox 385 753 824 838; baseline -0.002 -17"><span class='ocrx_word' id='word_1_29' title='bbox 385 753 446 822; x_wconf 85' lang='grc'><strong>8333</strong></span> <span class='ocrx_word' id='word_1_30' title='bbox 463 758 502 838; x_wconf 79' lang='grc' dir='ltr'><strong>-Ι-</strong></span> <span class='ocrx_word' id='word_1_31' title='bbox 519 757 539 821; x_wconf 85' lang='grc'><strong>3</strong></span> <span class='ocrx_word' id='word_1_32' title='bbox 555 787 597 808; x_wconf 92' lang='lat'><em>=</em></span> <span class='ocrx_word' id='word_1_33' title='bbox 612 753 696 821; x_wconf 80' lang='grc'><strong>21333</strong></span> <span class='ocrx_word' id='word_1_34' title='bbox 712 759 751 838; x_wconf 78' lang='grc'><strong>-1-</strong></span> <span class='ocrx_word' id='word_1_35' title='bbox 768 757 824 821; x_wconf 79' lang='grc'><strong>233.</strong></span> 
     </span>
     <span class='ocr_line' id='line_1_7' title="bbox 94 898 415 984; baseline -0.009 -20"><span class='ocrx_word' id='word_1_36' title='bbox 94 898 214 964; x_wconf 84' lang='lat' dir='ltr'>Omnia</span> <span class='ocrx_word' id='word_1_37' title='bbox 236 919 296 984; x_wconf 90' lang='lat' dir='ltr'>per</span> <span class='ocrx_word' id='word_1_38' title='bbox 318 918 354 983; x_wconf 75' lang='grc'><strong>33,</strong></span> <span class='ocrx_word' id='word_1_39' title='bbox 377 899 415 962; x_wconf 76' lang='lat' dir='ltr'><strong>fit</strong></span> 
     </span>
     <span class='ocr_line' id='line_1_8' title="bbox 513 985 700 1065; baseline 0.005 -14"><span class='ocrx_word' id='word_1_40' title='bbox 513 985 593 1052; x_wconf 79' lang='grc'><strong>19333</strong></span> <span class='ocrx_word' id='word_1_41' title='bbox 609 1018 650 1039; x_wconf 93' lang='lat'>=</span> <span class='ocrx_word' id='word_1_42' title='bbox 668 989 700 1065; x_wconf 89' lang='lat'><strong>1,</strong></span> 
     </span>
    </p>

    <p class='ocr_par' dir='ltr' id='par_1_5' title="bbox 95 1074 409 1142">
     <span class='ocr_line' id='line_1_9' title="bbox 95 1074 409 1142; baseline -0.01 0"><span class='ocrx_word' id='word_1_43' title='bbox 95 1080 128 1142; x_wconf 86' lang='grc'><strong>33</strong></span> <span class='ocrx_word' id='word_1_44' title='bbox 150 1096 174 1142; x_wconf 69' lang='lat' dir='ltr'>e</span> <span class='ocrx_word' id='word_1_45' title='bbox 196 1074 409 1140; x_wconf 72' lang='lat' dir='ltr'>irrationalis.</span> 
     </span>
    </p>
   </div>
   <div class='ocr_carea' id='block_1_3' title="bbox 164 1178 1115 1270">
    <p class='ocr_par' dir='ltr' id='par_1_6' title="bbox 164 1178 1115 1270">
     <span class='ocr_line' id='line_1_10' title="bbox 164 1178 1115 1270; baseline -0.001 -23"><span class='ocrx_word' id='word_1_46' title='bbox 164 1179 230 1248; x_wconf 81' lang='lat' dir='ltr'>Sed</span> <span class='ocrx_word' id='word_1_47' title='bbox 255 1182 295 1246; x_wconf 89' lang='grc'><strong>19</strong></span> <span class='ocrx_word' id='word_1_48' title='bbox 319 1178 516 1268; x_wconf 83' lang='lat' dir='ltr'>(eoeffieiens</span> <span class='ocrx_word' id='word_1_49' title='bbox 540 1179 589 1270; x_wconf 83' lang='grc'><strong>333)</strong></span> <span class='ocrx_word' id='word_1_50' title='bbox 614 1182 752 1247; x_wconf 90' lang='lat' dir='ltr'>duorum</span> <span class='ocrx_word' id='word_1_51' title='bbox 772 1185 824 1246; x_wconf 79' lang='grc'><strong>333</strong></span> <span class='ocrx_word' id='word_1_52' title='bbox 846 1183 1002 1248; x_wconf 89' lang='lat' dir='ltr'>euborum</span> <span class='ocrx_word' id='word_1_53' title='bbox 1027 1182 1115 1247; x_wconf 86' lang='lat' dir='ltr'>diffe-</span> 
     </span>
    </p>
   </div>
   <div class='ocr_carea' id='block_1_4' title="bbox 1 1287 1115 1374">
    <p class='ocr_par' dir='ltr' id='par_1_7' title="bbox 1 1287 1115 1374">
     <span class='ocr_line' id='line_1_11' title="bbox 1 1287 1115 1374; baseline -0.003 -16"><span class='ocrx_word' id='word_1_54' title='bbox 1 1355 2 1358; x_wconf 74' lang='grc'><strong>,</strong></span> <span class='ocrx_word' id='word_1_55' title='bbox 93 1288 218 1374; x_wconf 74' lang='lat' dir='ltr'>nentia,</span> <span class='ocrx_word' id='word_1_56' title='bbox 245 1294 278 1353; x_wconf 90' lang='grc'><strong>33</strong></span> <span class='ocrx_word' id='word_1_57' title='bbox 308 1289 325 1352; x_wconf 95' lang='grc'><strong>1</strong></span> <span class='ocrx_word' id='word_1_58' title='bbox 354 1288 499 1354; x_wconf 83' lang='lat' dir='ltr'>radicum</span> <span class='ocrx_word' id='word_1_59' title='bbox 529 1293 579 1354; x_wconf 78' lang='grc'><strong>333</strong></span> <span class='ocrx_word' id='word_1_60' title='bbox 602 1288 794 1354; x_wconf 73' lang='lat' dir='ltr'>differentia.</span> <span class='ocrx_word' id='word_1_61' title='bbox 843 1287 1009 1356; x_wconf 78' lang='lat' dir='ltr'><strong>Deductus</strong></span> <span class='ocrx_word' id='word_1_62' title='bbox 1043 1313 1115 1355; x_wconf 84' lang='lat' dir='ltr'><strong>sum</strong></span> 
     </span>
    </p>
   </div>
   <div class='ocr_carea' id='block_1_5' title="bbox 93 1393 1116 2119">
    <p class='ocr_par' dir='ltr' id='par_1_8' title="bbox 93 1393 1115 1691">
     <span class='ocr_line' id='line_1_12' title="bbox 93 1393 1113 1482; baseline 0.002 -22"><span class='ocrx_word' id='word_1_63' title='bbox 93 1397 199 1482; x_wconf 74' lang='lat' dir='ltr'>igitur</span> <span class='ocrx_word' id='word_1_64' title='bbox 223 1393 516 1460; x_wconf 81' lang='lat' dir='ltr'>adinveniendum</span> <span class='ocrx_word' id='word_1_65' title='bbox 540 1395 621 1460; x_wconf 84' lang='lat' dir='ltr'>duos</span> <span class='ocrx_word' id='word_1_66' title='bbox 645 1395 746 1461; x_wconf 82' lang='lat' dir='ltr'><strong>cubos</strong></span> <span class='ocrx_word' id='word_1_67' title='bbox 771 1417 909 1480; x_wconf 88' lang='lat' dir='ltr'>quorum</span> <span class='ocrx_word' id='word_1_68' title='bbox 929 1396 1113 1463; x_wconf 75' lang='lat' dir='ltr'>differentia</span> 
     </span>
     <span class='ocr_line' id='line_1_13' title="bbox 94 1500 1115 1586; baseline -0.002 -18"><span class='ocrx_word' id='word_1_69' title='bbox 94 1502 136 1568; x_wconf 81' lang='lat' dir='ltr'>ed</span> <span class='ocrx_word' id='word_1_70' title='bbox 161 1500 379 1566; x_wconf 82' lang='lat' dir='ltr'>differentiam</span> <span class='ocrx_word' id='word_1_71' title='bbox 397 1500 542 1566; x_wconf 74' lang='lat' dir='ltr'>radicum</span> <span class='ocrx_word' id='word_1_72' title='bbox 560 1501 723 1566; x_wconf 73' lang='lat' dir='ltr'>rationem</span> <span class='ocrx_word' id='word_1_73' title='bbox 740 1501 862 1566; x_wconf 75' lang='lat' dir='ltr'>habeat</span> <span class='ocrx_word' id='word_1_74' title='bbox 886 1501 1035 1586; x_wconf 70' lang='lat' dir='ltr'>quadrati</span> <span class='ocrx_word' id='word_1_75' title='bbox 1058 1525 1115 1566; x_wconf 91' lang='lat' dir='ltr'><strong>nu·</strong></span> 
     </span>
     <span class='ocr_line' id='line_1_14' title="bbox 95 1607 669 1691; baseline -0.005 -17"><span class='ocrx_word' id='word_1_76' title='bbox 95 1608 179 1674; x_wconf 88' lang='lat' dir='ltr'>meri</span> <span class='ocrx_word' id='word_1_77' title='bbox 202 1607 244 1672; x_wconf 82' lang='lat' dir='ltr'><strong>ad</strong></span> <span class='ocrx_word' id='word_1_78' title='bbox 268 1607 463 1691; x_wconf 81' lang='lat' dir='ltr'>quadratum</span> <span class='ocrx_word' id='word_1_79' title='bbox 488 1629 669 1673; x_wconf 88' lang='lat' dir='ltr'>numerum.</span> 
     </span>
    </p>

    <p class='ocr_par' dir='ltr' id='par_1_9' title="bbox 94 1711 1116 2119">
     <span class='ocr_line' id='line_1_15' title="bbox 163 1711 1116 1802; baseline 0 -22"><span class='ocrx_word' id='word_1_80' title='bbox 163 1713 236 1780; x_wconf 88' lang='lat' dir='ltr'>Hoe</span> <span class='ocrx_word' id='word_1_81' title='bbox 260 1717 368 1779; x_wconf 80' lang='lat' dir='ltr'>autem</span> <span class='ocrx_word' id='word_1_82' title='bbox 393 1736 492 1799; x_wconf 80' lang='lat' dir='ltr'>supra</span> <span class='ocrx_word' id='word_1_83' title='bbox 515 1714 777 1780; x_wconf 66' lang='lat' dir='ltr'>demensssratum</span> <span class='ocrx_word' id='word_1_84' title='bbox 800 1711 883 1802; x_wconf 77' lang='lat' dir='ltr'>est¹)</span> <span class='ocrx_word' id='word_1_85' title='bbox 908 1717 941 1779; x_wconf 89' lang='grc'><strong>33</strong></span> <span class='ocrx_word' id='word_1_86' title='bbox 965 1718 1042 1780; x_wconf 73' lang='lat' dir='ltr'>sunt</span> <span class='ocrx_word' id='word_1_87' title='bbox 1065 1737 1116 1780; x_wconf 88' lang='lat' dir='ltr'>eu-</span> 
     </span>
     <span class='ocr_line' id='line_1_16' title="bbox 94 1819 1116 1906; baseline -0.001 -19"><span class='ocrx_word' id='word_1_88' title='bbox 94 1823 214 1888; x_wconf 89' lang='lat' dir='ltr'>borum</span> <span class='ocrx_word' id='word_1_89' title='bbox 243 1820 382 1906; x_wconf 77' lang='grc' dir='ltr'><strong>33ᾶί333,</strong></span> <span class='ocrx_word' id='word_1_90' title='bbox 410 1821 514 1886; x_wconf 67' lang='lat' dir='ltr'>altera</span> <span class='ocrx_word' id='word_1_91' title='bbox 543 1823 577 1906; x_wconf 79' lang='lat'><strong>7,</strong></span> <span class='ocrx_word' id='word_1_92' title='bbox 605 1821 709 1886; x_wconf 84' lang='grc'><strong>313333</strong></span> <span class='ocrx_word' id='word_1_93' title='bbox 733 1823 762 1887; x_wconf 89' lang='lat'><strong>8.</strong></span> <span class='ocrx_word' id='word_1_94' title='bbox 808 1820 918 1886; x_wconf 87' lang='lat' dir='ltr'>Redeo</span> <span class='ocrx_word' id='word_1_95' title='bbox 945 1819 1048 1904; x_wconf 78' lang='lat' dir='ltr'>igitur</span> <span class='ocrx_word' id='word_1_96' title='bbox 1075 1821 1116 1886; x_wconf 85' lang='lat' dir='ltr'><strong>ad</strong></span> 
     </span>
     <span class='ocr_line' id='line_1_17' title="bbox 95 1923 1116 2014; baseline -0.001 -21"><span class='ocrx_word' id='word_1_97' title='bbox 95 1927 301 2014; x_wconf 65' lang='lat' dir='ltr'>primitivum</span> <span class='ocrx_word' id='word_1_98' title='bbox 320 1928 489 2012; x_wconf 85' lang='lat' dir='ltr'>problema</span> <span class='ocrx_word' id='word_1_99' title='bbox 509 1931 542 1992; x_wconf 92' lang='grc'><strong>33</strong></span> <span class='ocrx_word' id='word_1_100' title='bbox 560 1949 646 2013; x_wconf 90' lang='lat' dir='ltr'>pono</span> <span class='ocrx_word' id='word_1_101' title='bbox 671 1929 810 1993; x_wconf 76' lang='lat' dir='ltr'>alterum</span> <span class='ocrx_word' id='word_1_102' title='bbox 835 1923 1034 2014; x_wconf 88' lang='lat' dir='ltr'>(numerum)</span> <span class='ocrx_word' id='word_1_103' title='bbox 1061 1928 1116 2012; x_wconf 82' lang='grc'><strong>133,</strong></span> 
     </span>
     <span class='ocr_line' id='line_1_18' title="bbox 96 2035 434 2119; baseline -0.009 -19"><span class='ocrx_word' id='word_1_104' title='bbox 96 2037 238 2101; x_wconf 80' lang='lat' dir='ltr'>alterum</span> <span class='ocrx_word' id='word_1_105' title='bbox 262 2035 318 2119; x_wconf 82' lang='grc'><strong>833,</strong></span> <span class='ocrx_word' id='word_1_106' title='bbox 341 2037 374 2099; x_wconf 86' lang='grc'><strong>33</strong></span> <span class='ocrx_word' id='word_1_107' title='bbox 396 2035 434 2098; x_wconf 72' lang='lat' dir='ltr'><strong>fit</strong></span> 
     </span>
    </p>
   </div>
   <div class='ocr_carea' id='block_1_6' title="bbox 339 2173 874 2262">
    <p class='ocr_par' dir='ltr' id='par_1_10' title="bbox 339 2173 874 2262">
     <span class='ocr_line' id='line_1_19' title="bbox 339 2173 874 2262; baseline -0.002 -20"><span class='ocrx_word' id='word_1_108' title='bbox 339 2173 499 2258; x_wconf 82' lang='grc'><strong>343333-1-</strong></span> <span class='ocrx_word' id='word_1_109' title='bbox 517 2177 565 2242; x_wconf 84' lang='grc'><strong>833</strong></span> <span class='ocrx_word' id='word_1_110' title='bbox 580 2207 621 2229; x_wconf 88' lang='lat'>=</span> <span class='ocrx_word' id='word_1_111' title='bbox 637 2173 743 2242; x_wconf 83' lang='grc'><strong>512333</strong></span> <span class='ocrx_word' id='word_1_112' title='bbox 759 2177 799 2257; x_wconf 87' lang='grc' dir='ltr'><strong>-Ι-</strong></span> <span class='ocrx_word' id='word_1_113' title='bbox 816 2177 874 2262; x_wconf 70' lang='lat' dir='ltr'>ee,</span> 
     </span>
    </p>
   </div>
   <div class='ocr_carea' id='block_1_7' title="bbox 95 2266 650 2403">
    <p class='ocr_par' dir='ltr' id='par_1_11' title="bbox 95 2266 650 2403">
     <span class='ocr_line' id='line_1_20' title="bbox 95 2266 650 2403; baseline -0.004 -71"><span class='ocrx_word' id='word_1_114' title='bbox 95 2266 180 2332; x_wconf 89' lang='lat' dir='ltr'>unde</span> <span class='ocrx_word' id='word_1_115' title='bbox 637 2357 650 2403; x_wconf 93' lang='lat'>1</span> 
     </span>
    </p>
   </div>
   <div class='ocr_carea' id='block_1_8' title="bbox 534 2410 678 2454">
    <p class='ocr_par' dir='ltr' id='par_1_12' title="bbox 534 2410 678 2454">
     <span class='ocr_line' id='line_1_21' title="bbox 534 2410 678 2454; baseline 0 -19"><span class='ocrx_word' id='word_1_116' title='bbox 534 2410 678 2454; x_wconf 60' lang='lat' dir='ltr'><em>xgg-0</em></span> 
     </span>
    </p>
   </div>
   <div class='ocr_carea' id='block_1_9' title="bbox 627 2447 659 2494">
    <p class='ocr_par' dir='ltr' id='par_1_13' title="bbox 627 2447 659 2494">
     <span class='ocr_line' id='line_1_22' title="bbox 627 2447 659 2494; baseline 0 0"><span class='ocrx_word' id='word_1_117' title='bbox 627 2447 659 2494; x_wconf 84' lang='lat'><strong>13</strong></span> 
     </span>
    </p>
   </div>
   <div class='ocr_carea' id='block_1_10' title="bbox 903 2551 928 2686">
    <p class='ocr_par' dir='ltr' id='par_1_14' title="bbox 903 2551 928 2686">
     <span class='ocr_line' id='line_1_23' title="bbox 903 2551 928 2686; baseline 0 -88"><span class='ocrx_word' id='word_1_118' title='bbox 903 2551 928 2686; x_wconf 88' lang='grc'>8</span> 
     </span>
    </p>
   </div>
   <div class='ocr_carea' id='block_1_11' title="bbox 161 2552 1116 2688">
    <p class='ocr_par' dir='ltr' id='par_1_15' title="bbox 161 2552 1116 2688">
     <span class='ocr_line' id='line_1_24' title="bbox 161 2552 1116 2688; baseline -0.002 -38"><span class='ocrx_word' id='word_1_119' title='bbox 161 2584 216 2650; x_wconf 81' lang='lat' dir='ltr'><strong>Ad</strong></span> <span class='ocrx_word' id='word_1_120' title='bbox 243 2584 333 2669; x_wconf 72' lang='lat' dir='ltr'>posit</span> <span class='ocrx_word' id='word_1_121' title='bbox 333 2585 435 2651; x_wconf 88' lang='lat' dir='ltr'>iones.</span> <span class='ocrx_word' id='word_1_122' title='bbox 484 2583 559 2649; x_wconf 75' lang='lat' dir='ltr'>Erit</span> <span class='ocrx_word' id='word_1_123' title='bbox 587 2585 635 2649; x_wconf 83' lang='grc'><strong>313</strong></span> <span class='ocrx_word' id='word_1_124' title='bbox 620 2552 730 2649; x_wconf 95' lang='grc'><strong>333-</strong></span> <span class='ocrx_word' id='word_1_125' title='bbox 696 2641 729 2688; x_wconf 85' lang='lat'><strong>13</strong></span> <span class='ocrx_word' id='word_1_126' title='bbox 738 2633 749 2668; x_wconf 98' lang='grc'><strong>,</strong></span> <span class='ocrx_word' id='word_1_127' title='bbox 781 2584 828 2648; x_wconf 78' lang='grc'><strong>313</strong></span> <span class='ocrx_word' id='word_1_128' title='bbox 813 2586 929 2686; x_wconf 90' lang='grc'><strong>3331</strong></span> <span class='ocrx_word' id='word_1_129' title='bbox 938 2586 1014 2668; x_wconf 88' lang='grc'><strong>,33</strong></span> <span class='ocrx_word' id='word_1_130' title='bbox 1043 2605 1116 2668; x_wconf 91' lang='lat' dir='ltr'>pro-</span> 
     </span>
    </p>
   </div>
   <div class='ocr_carea' id='block_1_12' title="bbox 94 2708 653 2916">
    <p class='ocr_par' dir='ltr' id='par_1_16' title="bbox 94 2708 653 2916">
     <span class='ocr_line' id='line_1_25' title="bbox 94 2708 353 2776; baseline 0 -2"><span class='ocrx_word' id='word_1_131' title='bbox 94 2710 187 2775; x_wconf 65' lang='lat' dir='ltr'>batio</span> <span class='ocrx_word' id='word_1_132' title='bbox 212 2708 353 2776; x_wconf 76' lang='lat' dir='ltr'>evidens.</span> 
     </span>
     <span class='ocr_line' id='line_1_26' title="bbox 560 2848 653 2916; baseline 0.032 -3"><span class='ocrx_word' id='word_1_133' title='bbox 560 2848 653 2916; x_wconf 85' lang='lat' dir='ltr'><strong>XIII.</strong></span> 
     </span>
    </p>
   </div>
   <div class='ocr_carea' id='block_1_13' title="bbox 94 2972 1170 3165">
    <p class='ocr_par' dir='ltr' id='par_1_17' title="bbox 94 2972 1170 3165">
     <span class='ocr_line' id='line_1_27' title="bbox 161 2972 1170 3056; baseline 0.001 -16"><span class='ocrx_word' id='word_1_134' title='bbox 161 2975 314 3040; x_wconf 83' lang='lat' dir='ltr'>Invenire</span> <span class='ocrx_word' id='word_1_135' title='bbox 334 2975 414 3040; x_wconf 84' lang='lat' dir='ltr'>duos</span> <span class='ocrx_word' id='word_1_136' title='bbox 433 2994 584 3038; x_wconf 86' lang='lat' dir='ltr'>numeros</span> <span class='ocrx_word' id='word_1_137' title='bbox 599 2974 682 3039; x_wconf 77' lang='lat' dir='ltr'>tales</span> <span class='ocrx_word' id='word_1_138' title='bbox 697 2972 880 3038; x_wconf 77' lang='lat' dir='ltr'>ut-illorum</span> <span class='ocrx_word' id='word_1_139' title='bbox 897 2972 964 3038; x_wconf 85' lang='lat' dir='ltr'>sive</span> <span class='ocrx_word' id='word_1_140' title='bbox 978 2975 1115 3056; x_wconf 69' lang='lat' dir='ltr'>uherque</span> <span class='ocrx_word' id='word_1_141' title='bbox 1136 2991 1170 3041; x_wconf 84' lang='lat'><strong>14</strong></span> 
     </span>
     <span class='ocr_line' id='line_1_28' title="bbox 94 3061 1117 3165; baseline -0.005 -16"><span class='ocrx_word' id='word_1_142' title='bbox 94 3084 164 3150; x_wconf 83' lang='lat' dir='ltr'>sive</span> <span class='ocrx_word' id='word_1_143' title='bbox 198 3061 327 3149; x_wconf 66' lang='lat' dir='ltr'>sumna</span> <span class='ocrx_word' id='word_1_144' title='bbox 363 3081 430 3147; x_wconf 85' lang='lat' dir='ltr'>sive</span> <span class='ocrx_word' id='word_1_145' title='bbox 467 3079 663 3165; x_wconf 80' lang='lat' dir='ltr'>differentia,</span> <span class='ocrx_word' id='word_1_146' title='bbox 696 3079 807 3146; x_wconf 78' lang='lat' dir='ltr'>addita</span> <span class='ocrx_word' id='word_1_147' title='bbox 840 3079 980 3164; x_wconf 77' lang='lat' dir='ltr'>unitate,</span> <span class='ocrx_word' id='word_1_148' title='bbox 1016 3079 1117 3145; x_wconf 72' lang='lat' dir='ltr'>faeiat</span> 
     </span>
    </p>
   </div>
   <div class='ocr_carea' id='block_1_14' title="bbox 93 3190 1114 3379">
    <p class='ocr_par' dir='ltr' id='par_1_18' title="bbox 93 3190 1114 3379">
     <span class='ocr_line' id='line_1_29' title="bbox 93 3190 300 3276; baseline 0 -22"><span class='ocrx_word' id='word_1_149' title='bbox 93 3190 300 3276; x_wconf 81' lang='lat' dir='ltr'>quadratum.</span> 
     </span>
     <span class='ocr_line' id='line_1_30' title="bbox 163 3292 1114 3379; baseline -0.002 -18"><span class='ocrx_word' id='word_1_150' title='bbox 163 3293 198 3362; x_wconf 81' lang='lat' dir='ltr'><strong>si</strong></span> <span class='ocrx_word' id='word_1_151' title='bbox 231 3318 251 3360; x_wconf 86' lang='lat' dir='ltr'><strong>a</strong></span> <span class='ocrx_word' id='word_1_152' title='bbox 281 3295 423 3379; x_wconf 83' lang='lat' dir='ltr'><strong>quodam</strong></span> <span class='ocrx_word' id='word_1_153' title='bbox 455 3292 614 3378; x_wconf 73' lang='lat' dir='ltr'>quadrato</span> <span class='ocrx_word' id='word_1_154' title='bbox 647 3293 805 3358; x_wconf 69' lang='lat' dir='ltr'>subtraho</span> <span class='ocrx_word' id='word_1_155' title='bbox 836 3294 869 3378; x_wconf 89' lang='lat'><strong>1,</strong></span> <span class='ocrx_word' id='word_1_156' title='bbox 900 3294 1028 3359; x_wconf 81' lang='lat' dir='ltr'>habebo</span> <span class='ocrx_word' id='word_1_157' title='bbox 1052 3293 1114 3378; x_wconf 71' lang='lat' dir='ltr'><strong>X13</strong></span> 
     </span>
    </p>
   </div>
   <div class='ocr_carea' id='block_1_15' title="bbox 168 3553 655 3631">
    <p class='ocr_par' dir='ltr' id='par_1_19' title="bbox 168 3553 655 3631">
     <span class='ocr_line' id='line_1_31' title="bbox 168 3553 655 3631; baseline -0.01 -17"><span class='ocrx_word' id='word_1_158' title='bbox 168 3565 195 3631; x_wconf 86' lang='lat'><strong>1)</strong></span> <span class='ocrx_word' id='word_1_159' title='bbox 214 3563 248 3616; x_wconf 81' lang='lat' dir='ltr'><strong>In</strong></span> <span class='ocrx_word' id='word_1_160' title='bbox 265 3557 441 3628; x_wconf 76' lang='lat' dir='ltr'>problemate</span> <span class='ocrx_word' id='word_1_161' title='bbox 460 3553 655 3626; x_wconf 75' lang='lat' dir='ltr'>praecedente.</span> 
     </span>
    </p>
   </div>
   <div class='ocr_carea' id='block_1_16' title="bbox 0 0 1281 3962">
    <p class='ocr_par' dir='ltr' id='par_1_20' title="bbox 0 0 1281 3962">
     <span class='ocr_line' id='line_1_32' title="bbox 0 0 1281 3962; baseline 0 0"><span class='ocrx_word' id='word_1_162' title='bbox 0 0 1281 3962; x_wconf 95' lang='lat' dir='ltr'><strong> </strong></span> 
     </span>
    </p>
   </div>
  </div>
 </body>
</html>
