<?xml version="1.0" encoding="UTF-8"?>
<!DOCTYPE html PUBLIC "-//W3C//DTD XHTML 1.0 Transitional//EN"
    "http://www.w3.org/TR/xhtml1/DTD/xhtml1-transitional.dtd">
<html xmlns="http://www.w3.org/1999/xhtml" xml:lang="en" lang="en">
 <head>
  <title>
</title>
<meta http-equiv="Content-Type" content="text/html;charset=utf-8" />
  <meta name='ocr-system' content='tesseract 3.04.00' />
  <meta name='ocr-capabilities' content='ocr_page ocr_carea ocr_par ocr_line ocrx_word'/>
</head>
<body>
  <div class='ocr_page' id='page_1' title='image "./diophantialexan02diopgoog_0138.png"; bbox 0 0 2548 3962; ppageno 0'>
   <div class='ocr_carea' id='block_1_1' title="bbox 133 175 787 242">
    <p class='ocr_par' dir='ltr' id='par_1_1' title="bbox 133 175 787 242">
     <span class='ocr_line' id='line_1_1' title="bbox 133 175 787 242; baseline 0.002 -13"><span class='ocrx_word' id='word_1_1' title='bbox 133 179 197 242; x_wconf 78' lang='lat'><em>124</em></span> <span class='ocrx_word' id='word_1_2' title='bbox 483 175 737 230; x_wconf 75' lang='grc' dir='ltr'><em>ιΡιοΜΗτιΚωα</em></span> <span class='ocrx_word' id='word_1_3' title='bbox 756 178 787 230; x_wconf 81' lang='grc' dir='ltr'><em>ε.</em></span> 
     </span>
    </p>
   </div>
   <div class='ocr_carea' id='block_1_2' title="bbox 615 375 660 451">
    <p class='ocr_par' dir='ltr' id='par_1_2' title="bbox 615 375 660 451">
     <span class='ocr_line' id='line_1_2' title="bbox 615 375 660 451; baseline 0.022 -14"><span class='ocrx_word' id='word_1_4' title='bbox 615 375 660 451; x_wconf 82' lang='grc' dir='ltr'><em>κζ.</em></span> 
     </span>
    </p>
   </div>
   <div class='ocr_carea' id='block_1_3' title="bbox 92 493 1153 1958">
    <p class='ocr_par' dir='ltr' id='par_1_3' title="bbox 130 493 1151 797">
     <span class='ocr_line' id='line_1_3' title="bbox 197 493 1148 585; baseline 0.002 -24"><span class='ocrx_word' id='word_1_5' title='bbox 197 497 323 584; x_wconf 78' lang='grc' dir='ltr'><strong><em>Εὑρεῖν</em></strong></span> <span class='ocrx_word' id='word_1_6' title='bbox 355 499 417 564; x_wconf 73' lang='grc' dir='ltr'><em>δύο</em></span> <span class='ocrx_word' id='word_1_7' title='bbox 451 497 616 584; x_wconf 80' lang='grc' dir='ltr'><em>ἀριθμοὺς</em></span> <span class='ocrx_word' id='word_1_8' title='bbox 643 496 732 574; x_wconf 82' lang='grc' dir='ltr'><em>ὅπως</em></span> <span class='ocrx_word' id='word_1_9' title='bbox 759 497 777 563; x_wconf 99' lang='lat'><em>6</em></span> <span class='ocrx_word' id='word_1_10' title='bbox 805 493 860 562; x_wconf 88' lang='grc' dir='ltr'><em>ὑπ’</em></span> <span class='ocrx_word' id='word_1_11' title='bbox 894 497 1006 565; x_wconf 81' lang='grc' dir='ltr'><em>αὐτῶν</em></span> <span class='ocrx_word' id='word_1_12' title='bbox 1038 500 1148 585; x_wconf 78' lang='grc' dir='ltr'><strong><em>λείψει</em></strong></span> 
     </span>
     <span class='ocr_line' id='line_1_4' title="bbox 132 599 1151 690; baseline 0.002 -22"><span class='ocrx_word' id='word_1_13' title='bbox 132 601 288 690; x_wconf 75' lang='grc' dir='ltr'><em>ἑκατέρου</em></span> <span class='ocrx_word' id='word_1_14' title='bbox 320 613 399 690; x_wconf 75' lang='grc' dir='ltr'><em>ποιῇ</em></span> <span class='ocrx_word' id='word_1_15' title='bbox 433 604 657 689; x_wconf 88' lang='grc' dir='ltr'><em>τετράγωνον,</em></span> <span class='ocrx_word' id='word_1_16' title='bbox 694 612 761 668; x_wconf 82' lang='grc' dir='ltr'><em>τῶν</em></span> <span class='ocrx_word' id='word_1_17' title='bbox 794 599 831 668; x_wconf 75' lang='lat'><em>66</em></span> <span class='ocrx_word' id='word_1_18' title='bbox 863 605 1079 688; x_wconf 80' lang='grc' dir='ltr'><em>τετραγώνων</em></span> <span class='ocrx_word' id='word_1_19' title='bbox 1113 605 1151 670; x_wconf 90' lang='grc' dir='ltr'><em>αί</em></span> 
     </span>
     <span class='ocr_line' id='line_1_5' title="bbox 130 707 1079 797; baseline 0.001 -21"><span class='ocrx_word' id='word_1_20' title='bbox 130 709 271 797; x_wconf 87' lang='grc' dir='ltr'><em>πλευραὶ</em></span> <span class='ocrx_word' id='word_1_21' title='bbox 293 716 506 776; x_wconf 72' lang='grc' dir='ltr'><em>συντεθεῖσαι</em></span> <span class='ocrx_word' id='word_1_22' title='bbox 527 720 648 775; x_wconf 82' lang='grc' dir='ltr'><em>ποιῶσι</em></span> <span class='ocrx_word' id='word_1_23' title='bbox 671 712 730 775; x_wconf 87' lang='grc' dir='ltr'><em>τὸν</em></span> <span class='ocrx_word' id='word_1_24' title='bbox 755 707 899 775; x_wconf 81' lang='grc' dir='ltr'><em>θοθίντα</em></span> <span class='ocrx_word' id='word_1_25' title='bbox 922 709 1079 795; x_wconf 88' lang='grc' dir='ltr'><em>άριθμόν.</em></span> 
     </span>
    </p>

    <p class='ocr_par' dir='ltr' id='par_1_4' title="bbox 104 815 613 903">
     <span class='ocr_line' id='line_1_6' title="bbox 104 815 613 903; baseline 0.008 -27"><span class='ocrx_word' id='word_1_26' title='bbox 104 836 117 876; x_wconf 83' lang='grc' dir='ltr'><em>ι</em></span> <span class='ocrx_word' id='word_1_27' title='bbox 193 815 415 903; x_wconf 72' lang='grc' dir='ltr'><em>Ἐπιτετάχθω</em></span> <span class='ocrx_word' id='word_1_28' title='bbox 441 817 482 901; x_wconf 74' lang='grc' dir='ltr'><em>δὴ</em></span> <span class='ocrx_word' id='word_1_29' title='bbox 506 817 564 881; x_wconf 86' lang='grc' dir='ltr'><em>τὸν</em></span> <span class='ocrx_word' id='word_1_30' title='bbox 589 825 613 880; x_wconf 77' lang='grc' dir='ltr'><em>ε.</em></span> 
     </span>
    </p>

    <p class='ocr_par' dir='ltr' id='par_1_5' title="bbox 131 917 1150 1327">
     <span class='ocr_line' id='line_1_7' title="bbox 198 917 1149 1008; baseline 0.002 -19"><span class='ocrx_word' id='word_1_31' title='bbox 198 922 266 989; x_wconf 83' lang='grc' dir='ltr'><em>Καὶ</em></span> <span class='ocrx_word' id='word_1_32' title='bbox 289 923 374 1007; x_wconf 77' lang='grc' dir='ltr'><em>ἐπεί,</em></span> <span class='ocrx_word' id='word_1_33' title='bbox 405 921 464 988; x_wconf 81' lang='grc' dir='ltr'><em>ίάν</em></span> <span class='ocrx_word' id='word_1_34' title='bbox 492 917 554 987; x_wconf 85' lang='grc' dir='ltr'><em>ώσι</em></span> <span class='ocrx_word' id='word_1_35' title='bbox 583 923 645 987; x_wconf 73' lang='grc' dir='ltr'><em>δύο</em></span> <span class='ocrx_word' id='word_1_36' title='bbox 668 920 809 1007; x_wconf 81' lang='grc' dir='ltr'><em>ἀριθμοὶ</em></span> <span class='ocrx_word' id='word_1_37' title='bbox 832 917 880 988; x_wconf 87' lang='grc' dir='ltr'><em>ών</em></span> <span class='ocrx_word' id='word_1_38' title='bbox 903 923 921 989; x_wconf 95' lang='lat'><em>6</em></span> <span class='ocrx_word' id='word_1_39' title='bbox 945 926 1064 1008; x_wconf 81' lang='grc' dir='ltr'><em>μείζων</em></span> <span class='ocrx_word' id='word_1_40' title='bbox 1086 933 1149 991; x_wconf 87' lang='grc' dir='ltr'><em>τοῦ</em></span> 
     </span>
     <span class='ocr_line' id='line_1_8' title="bbox 131 1025 1145 1114; baseline 0.002 -19"><span class='ocrx_word' id='word_1_41' title='bbox 131 1029 312 1106; x_wconf 77' lang='grc' dir='ltr'><em>ἐλάσσονός</em></span> <span class='ocrx_word' id='word_1_42' title='bbox 345 1028 414 1094; x_wconf 89' lang='grc' dir='ltr'><em>ε’στι</em></span> <span class='ocrx_word' id='word_1_43' title='bbox 440 1030 689 1114; x_wconf 81' lang='grc' dir='ltr'><em>τετραπλασίων</em></span> <span class='ocrx_word' id='word_1_44' title='bbox 718 1025 773 1092; x_wconf 80' lang='grc' dir='ltr'><em>καὶ</em></span> <span class='ocrx_word' id='word_1_45' title='bbox 800 1028 905 1112; x_wconf 83' lang='grc' dir='ltr'><em>μονάς</em></span> <span class='ocrx_word' id='word_1_46' title='bbox 933 1033 1007 1113; x_wconf 87' lang='grc' dir='ltr'><em>μία,</em></span> <span class='ocrx_word' id='word_1_47' title='bbox 1041 1030 1059 1096; x_wconf 99' lang='lat'><em>6</em></span> <span class='ocrx_word' id='word_1_48' title='bbox 1087 1028 1145 1096; x_wconf 81' lang='grc' dir='ltr'><em>ὑπ’</em></span> 
     </span>
     <span class='ocr_line' id='line_1_9' title="bbox 131 1132 1149 1220; baseline 0.003 -20"><span class='ocrx_word' id='word_1_49' title='bbox 131 1135 242 1200; x_wconf 82' lang='grc' dir='ltr'><em>αὐτῶν</em></span> <span class='ocrx_word' id='word_1_50' title='bbox 261 1138 367 1214; x_wconf 78' lang='grc' dir='ltr'><strong><em>λείψει</em></strong></span> <span class='ocrx_word' id='word_1_51' title='bbox 390 1143 450 1200; x_wconf 87' lang='grc' dir='ltr'><em>τοῦ</em></span> <span class='ocrx_word' id='word_1_52' title='bbox 473 1132 654 1210; x_wconf 74' lang='grc' dir='ltr'><em>ἐλάσσονος</em></span> <span class='ocrx_word' id='word_1_53' title='bbox 676 1144 768 1198; x_wconf 89' lang='grc' dir='ltr'><em>ποιεῖ</em></span> <span class='ocrx_word' id='word_1_54' title='bbox 787 1135 1007 1220; x_wconf 85' lang='grc' dir='ltr'><em>τετράγωνον,</em></span> <span class='ocrx_word' id='word_1_55' title='bbox 1037 1137 1149 1204; x_wconf 89' lang='grc' dir='ltr'><em>τάσσω</em></span> 
     </span>
     <span class='ocr_line' id='line_1_10' title="bbox 131 1227 1150 1327; baseline 0.002 -20"><span class='ocrx_word' id='word_1_56' title='bbox 131 1243 191 1307; x_wconf 88' lang='grc' dir='ltr'><em>τὸν</em></span> <span class='ocrx_word' id='word_1_57' title='bbox 218 1237 280 1325; x_wconf 74' lang='grc' dir='ltr'><em>μὲν</em></span> <span class='ocrx_word' id='word_1_58' title='bbox 310 1244 443 1326; x_wconf 77' lang='grc' dir='ltr'><em>μείζονα</em></span> <span class='ocrx_word' id='word_1_59' title='bbox 469 1227 618 1322; x_wconf 66' lang='grc' dir='ltr'><em>βάλλᾶ,</em></span> <span class='ocrx_word' id='word_1_60' title='bbox 651 1242 710 1305; x_wconf 84' lang='grc' dir='ltr'><em>τὸν</em></span> <span class='ocrx_word' id='word_1_61' title='bbox 738 1235 775 1304; x_wconf 74' lang='grc' dir='ltr'><em>θλ</em></span> <span class='ocrx_word' id='word_1_62' title='bbox 803 1239 967 1307; x_wconf 81' lang='grc' dir='ltr'><em>ἐλάσσονα</em></span> <span class='ocrx_word' id='word_1_63' title='bbox 994 1252 1060 1327; x_wconf 69' lang='grc' dir='ltr'><em>βᾶ,</em></span> <span class='ocrx_word' id='word_1_64' title='bbox 1093 1242 1150 1309; x_wconf 83' lang='grc' dir='ltr'><em>καλ</em></span> 
     </span>
    </p>

    <p class='ocr_par' dir='ltr' id='par_1_6' title="bbox 92 1345 1149 1435">
     <span class='ocr_line' id='line_1_11' title="bbox 92 1345 1149 1435; baseline 0.009 -28"><span class='ocrx_word' id='word_1_65' title='bbox 92 1348 150 1414; x_wconf 83' lang='lat'><em>106</em></span> <span class='ocrx_word' id='word_1_66' title='bbox 174 1345 230 1414; x_wconf 87' lang='grc' dir='ltr'><em>ὑπ’</em></span> <span class='ocrx_word' id='word_1_67' title='bbox 257 1347 368 1413; x_wconf 81' lang='grc' dir='ltr'><em>αὐτῶν</em></span> <span class='ocrx_word' id='word_1_68' title='bbox 395 1350 502 1426; x_wconf 81' lang='grc' dir='ltr'><strong><em>λείψει</em></strong></span> <span class='ocrx_word' id='word_1_69' title='bbox 528 1355 588 1412; x_wconf 85' lang='grc' dir='ltr'><em>τοῦ</em></span> <span class='ocrx_word' id='word_1_70' title='bbox 618 1346 798 1424; x_wconf 79' lang='grc' dir='ltr'><em>ἐλάσσονος</em></span> <span class='ocrx_word' id='word_1_71' title='bbox 820 1358 910 1412; x_wconf 88' lang='grc' dir='ltr'><em>ποιεῖ</em></span> <span class='ocrx_word' id='word_1_72' title='bbox 930 1349 1149 1435; x_wconf 85' lang='grc' dir='ltr'><em>τετράγωνον.</em></span> 
     </span>
    </p>

    <p class='ocr_par' dir='ltr' id='par_1_7' title="bbox 199 1450 1149 1541">
     <span class='ocr_line' id='line_1_12' title="bbox 199 1450 1149 1541; baseline 0.004 -22"><span class='ocrx_word' id='word_1_73' title='bbox 199 1457 317 1520; x_wconf 88' lang='grc' dir='ltr'><em>λοιπόν</em></span> <span class='ocrx_word' id='word_1_74' title='bbox 340 1453 410 1519; x_wconf 77' lang='grc' dir='ltr'><em>ἐστι</em></span> <span class='ocrx_word' id='word_1_75' title='bbox 432 1451 487 1519; x_wconf 87' lang='grc' dir='ltr'><em>καλ</em></span> <span class='ocrx_word' id='word_1_76' title='bbox 508 1456 566 1520; x_wconf 91' lang='grc' dir='ltr'><em>τὸν</em></span> <span class='ocrx_word' id='word_1_77' title='bbox 585 1450 640 1518; x_wconf 85' lang='grc' dir='ltr'><em>ὑπ’</em></span> <span class='ocrx_word' id='word_1_78' title='bbox 665 1453 775 1518; x_wconf 82' lang='grc' dir='ltr'><em>αὐτῶν</em></span> <span class='ocrx_word' id='word_1_79' title='bbox 795 1456 903 1532; x_wconf 91' lang='grc' dir='ltr'><strong><em>λείψει</em></strong></span> <span class='ocrx_word' id='word_1_80' title='bbox 921 1464 981 1521; x_wconf 84' lang='grc' dir='ltr'><em>τοῦ</em></span> <span class='ocrx_word' id='word_1_81' title='bbox 999 1459 1149 1541; x_wconf 81' lang='grc' dir='ltr'><em>μείζονος</em></span> 
     </span>
    </p>

    <p class='ocr_par' dir='ltr' id='par_1_8' title="bbox 132 1555 1151 1647">
     <span class='ocr_line' id='line_1_13' title="bbox 132 1555 1151 1647; baseline 0.003 -22"><span class='ocrx_word' id='word_1_82' title='bbox 132 1571 240 1627; x_wconf 88' lang='grc' dir='ltr'><em>ποιεῖν</em></span> <span class='ocrx_word' id='word_1_83' title='bbox 263 1561 484 1647; x_wconf 89' lang='grc' dir='ltr'><em>τετράγωνον·</em></span> <span class='ocrx_word' id='word_1_84' title='bbox 509 1555 556 1627; x_wconf 81' lang='grc' dir='ltr'><em>ὧν</em></span> <span class='ocrx_word' id='word_1_85' title='bbox 576 1561 614 1625; x_wconf 86' lang='grc' dir='ltr'><em>αί</em></span> <span class='ocrx_word' id='word_1_86' title='bbox 629 1558 770 1645; x_wconf 85' lang='grc' dir='ltr'><em>πλευραὶ</em></span> <span class='ocrx_word' id='word_1_87' title='bbox 793 1560 978 1644; x_wconf 74' lang='grc' dir='ltr'><em>συνάγουσι</em></span> <span class='ocrx_word' id='word_1_88' title='bbox 1000 1563 1058 1640; x_wconf 83' lang='grc' dir='ltr'><em>τάς</em></span> <span class='ocrx_word' id='word_1_89' title='bbox 1081 1561 1151 1628; x_wconf 83' lang='grc' dir='ltr'><em>ίπι-</em></span> 
     </span>
    </p>

    <p class='ocr_par' dir='ltr' id='par_1_9' title="bbox 132 1652 1153 1754">
     <span class='ocr_line' id='line_1_14' title="bbox 132 1652 1153 1754; baseline 0.002 -22"><span class='ocrx_word' id='word_1_90' title='bbox 132 1671 310 1754; x_wconf 80' lang='grc' dir='ltr'><em>ταχθείσας</em></span> <span class='ocrx_word' id='word_1_91' title='bbox 331 1652 405 1734; x_wconf 66' lang='grc' dir='ltr'><em>λάε.</em></span> <span class='ocrx_word' id='word_1_92' title='bbox 451 1664 524 1733; x_wconf 79' lang='grc' dir='ltr'><em>ἀλλ’</em></span> <span class='ocrx_word' id='word_1_93' title='bbox 548 1667 566 1732; x_wconf 90' lang='lat'><em>6</em></span> <span class='ocrx_word' id='word_1_94' title='bbox 585 1663 642 1732; x_wconf 84' lang='grc' dir='ltr'><em>ὑπ’</em></span> <span class='ocrx_word' id='word_1_95' title='bbox 664 1665 775 1732; x_wconf 82' lang='grc' dir='ltr'><em>αὐτῶν</em></span> <span class='ocrx_word' id='word_1_96' title='bbox 794 1670 900 1746; x_wconf 84' lang='grc' dir='ltr'><strong><em>λείψει</em></strong></span> <span class='ocrx_word' id='word_1_97' title='bbox 921 1677 981 1734; x_wconf 87' lang='grc' dir='ltr'><em>τοῦ</em></span> <span class='ocrx_word' id='word_1_98' title='bbox 1000 1672 1153 1754; x_wconf 76' lang='grc' dir='ltr'><em>μείζονος</em></span> 
     </span>
    </p>

    <p class='ocr_par' dir='ltr' id='par_1_10' title="bbox 133 1759 1152 1958">
     <span class='ocr_line' id='line_1_15' title="bbox 133 1759 1152 1864; baseline 0.003 -25"><span class='ocrx_word' id='word_1_99' title='bbox 133 1777 261 1858; x_wconf 92' lang='grc' dir='ltr'><em>γίνεται</em></span> <span class='ocrx_word' id='word_1_100' title='bbox 293 1759 379 1839; x_wconf 67' lang='grc' dir='ltr'><em>ΔΥθ</em></span> <span class='ocrx_word' id='word_1_101' title='bbox 394 1762 592 1858; x_wconf 60' lang='lat' dir='ltr'><em>mma·</em></span> <span class='ocrx_word' id='word_1_102' title='bbox 624 1782 727 1838; x_wconf 88' lang='grc' dir='ltr'><em>ταῦτα</em></span> <span class='ocrx_word' id='word_1_103' title='bbox 760 1779 816 1839; x_wconf 85' lang='grc' dir='ltr'><em>ῖσα</em></span> <span class='ocrx_word' id='word_1_104' title='bbox 849 1778 901 1840; x_wconf 68' lang='lat'><em>[]‘›¹’</em></span> <span class='ocrx_word' id='word_1_105' title='bbox 933 1783 978 1864; x_wconf 79' lang='grc' dir='ltr'><em>τςό</em></span> <span class='ocrx_word' id='word_1_106' title='bbox 1011 1776 1076 1842; x_wconf 81' lang='grc' dir='ltr'><em>ἀπὸ</em></span> <span class='ocrx_word' id='word_1_107' title='bbox 1108 1773 1152 1842; x_wconf 50' lang='grc' dir='ltr'><em>τά*</em></span> 
     </span>
     <span class='ocr_line' id='line_1_16' title="bbox 658 1895 685 1958; baseline 0 0"><span class='ocrx_word' id='word_1_108' title='bbox 658 1895 685 1958; x_wconf 74' lang='grc' dir='ltr'><em>ιζ</em></span> 
     </span>
    </p>
   </div>
   <div class='ocr_carea' id='block_1_4' title="bbox 94 1955 1153 2266">
    <p class='ocr_par' dir='ltr' id='par_1_11' title="bbox 94 1955 1153 2266">
     <span class='ocr_line' id='line_1_17' title="bbox 94 1955 700 2054; baseline -0.002 -20"><span class='ocrx_word' id='word_1_109' title='bbox 94 1985 120 2026; x_wconf 80' lang='lat'><em>1⁵</em></span> <span class='ocrx_word' id='word_1_110' title='bbox 134 1955 316 2054; x_wconf 63' lang='grc' dir='ltr'><em>Μελιββ,</em></span> <span class='ocrx_word' id='word_1_111' title='bbox 339 1967 395 2035; x_wconf 79' lang='grc' dir='ltr'><em>καὶ</em></span> <span class='ocrx_word' id='word_1_112' title='bbox 418 1973 543 2052; x_wconf 90' lang='grc' dir='ltr'><em>γίνεται</em></span> <span class='ocrx_word' id='word_1_113' title='bbox 566 1968 584 2033; x_wconf 95' lang='lat'><em>6</em></span> <span class='ocrx_word' id='word_1_114' title='bbox 607 1983 627 2036; x_wconf 77' lang='grc'>5</span> <span class='ocrx_word' id='word_1_115' title='bbox 651 1970 700 2036; x_wconf 72' lang='grc' dir='ltr'><em>ιῖἐ.</em></span> 
     </span>
     <span class='ocr_line' id='line_1_18' title="bbox 201 2071 1153 2164; baseline 0.003 -25"><span class='ocrx_word' id='word_1_116' title='bbox 201 2076 291 2139; x_wconf 78' lang='grc' dir='ltr'><em>ἔσται</em></span> <span class='ocrx_word' id='word_1_117' title='bbox 314 2074 332 2139; x_wconf 90' lang='lat'><em>6</em></span> <span class='ocrx_word' id='word_1_118' title='bbox 356 2071 462 2159; x_wconf 71' lang='grc' dir='ltr'><em>&lt;μὲν&gt;</em></span> <span class='ocrx_word' id='word_1_119' title='bbox 485 2073 635 2139; x_wconf 77' lang='grc' dir='ltr'><em>ἐλάσσων</em></span> <span class='ocrx_word' id='word_1_120' title='bbox 658 2077 713 2157; x_wconf 66' lang='grc' dir='ltr'><em>α’ς,</em></span> <span class='ocrx_word' id='word_1_121' title='bbox 743 2073 760 2139; x_wconf 94' lang='lat'><em>6</em></span> <span class='ocrx_word' id='word_1_122' title='bbox 784 2071 822 2140; x_wconf 71' lang='grc' dir='ltr'><em>δὲ</em></span> <span class='ocrx_word' id='word_1_123' title='bbox 845 2079 965 2160; x_wconf 82' lang='grc' dir='ltr'><em>μείζων</em></span> <span class='ocrx_word' id='word_1_124' title='bbox 988 2081 1069 2164; x_wconf 71' lang='grc' dir='ltr'><em>ρἀα,</em></span> <span class='ocrx_word' id='word_1_125' title='bbox 1097 2075 1153 2143; x_wconf 85' lang='grc' dir='ltr'><em>καὶ</em></span> 
     </span>
     <span class='ocr_line' id='line_1_19' title="bbox 132 2179 629 2266; baseline 0 -22"><span class='ocrx_word' id='word_1_126' title='bbox 132 2189 268 2246; x_wconf 84' lang='grc' dir='ltr'><em>ποιοῦσι</em></span> <span class='ocrx_word' id='word_1_127' title='bbox 291 2182 331 2247; x_wconf 87' lang='grc' dir='ltr'><em>τά</em></span> <span class='ocrx_word' id='word_1_128' title='bbox 354 2189 411 2265; x_wconf 77' lang='grc' dir='ltr'><em>τῆς</em></span> <span class='ocrx_word' id='word_1_129' title='bbox 432 2179 629 2266; x_wconf 82' lang='grc' dir='ltr'><em>προτάσεως.</em></span> 
     </span>
    </p>
   </div>
   <div class='ocr_carea' id='block_1_5' title="bbox 95 2435 1155 3259">
    <p class='ocr_par' dir='ltr' id='par_1_12' title="bbox 95 2435 1153 2729">
     <span class='ocr_line' id='line_1_20' title="bbox 614 2435 665 2494; baseline -0.02 -18"><span class='ocrx_word' id='word_1_130' title='bbox 614 2435 665 2494; x_wconf 79' lang='grc' dir='ltr'><em>κη.</em></span> 
     </span>
     <span class='ocr_line' id='line_1_21' title="bbox 202 2531 1153 2622; baseline 0.005 -24"><span class='ocrx_word' id='word_1_131' title='bbox 202 2535 328 2622; x_wconf 85' lang='grc' dir='ltr'><em>Εὑρεῖν</em></span> <span class='ocrx_word' id='word_1_132' title='bbox 351 2534 413 2599; x_wconf 77' lang='grc' dir='ltr'><em>δύο</em></span> <span class='ocrx_word' id='word_1_133' title='bbox 437 2531 603 2620; x_wconf 85' lang='grc' dir='ltr'><em>ἀριθμοὺς</em></span> <span class='ocrx_word' id='word_1_134' title='bbox 624 2537 852 2621; x_wconf 76' lang='grc' dir='ltr'><em>τετραγώνους</em></span> <span class='ocrx_word' id='word_1_135' title='bbox 871 2537 960 2614; x_wconf 81' lang='grc' dir='ltr'><em>ὅπως</em></span> <span class='ocrx_word' id='word_1_136' title='bbox 978 2537 996 2602; x_wconf 95' lang='lat'><em>6</em></span> <span class='ocrx_word' id='word_1_137' title='bbox 1014 2533 1072 2616; x_wconf 82' lang='grc' dir='ltr'><em>ὑπ’</em></span> <span class='ocrx_word' id='word_1_138' title='bbox 1095 2537 1153 2604; x_wconf 82' lang='grc' dir='ltr'><em>αὐ-</em></span> 
     </span>
     <span class='ocr_line' id='line_1_22' title="bbox 95 2637 944 2729; baseline 0.005 -23"><span class='ocrx_word' id='word_1_139' title='bbox 95 2673 122 2713; x_wconf 78' lang='lat'><em>20</em></span> <span class='ocrx_word' id='word_1_140' title='bbox 135 2651 202 2707; x_wconf 85' lang='grc' dir='ltr'><em>τῶν</em></span> <span class='ocrx_word' id='word_1_141' title='bbox 224 2641 424 2728; x_wconf 84' lang='grc' dir='ltr'><em>προσλαβών</em></span> <span class='ocrx_word' id='word_1_142' title='bbox 448 2637 603 2728; x_wconf 84' lang='grc' dir='ltr'><em>ἑκάτερον</em></span> <span class='ocrx_word' id='word_1_143' title='bbox 625 2652 704 2728; x_wconf 74' lang='grc' dir='ltr'><em>ποιῇ</em></span> <span class='ocrx_word' id='word_1_144' title='bbox 727 2643 944 2729; x_wconf 85' lang='grc' dir='ltr'><em>τετράγωνον.</em></span> 
     </span>
    </p>

    <p class='ocr_par' dir='ltr' id='par_1_13' title="bbox 135 2742 1155 3155">
     <span class='ocr_line' id='line_1_23' title="bbox 199 2742 1150 2836; baseline 0.004 -24"><span class='ocrx_word' id='word_1_145' title='bbox 199 2744 277 2813; x_wconf 85' lang='grc' dir='ltr'><em>Ἐάν</em></span> <span class='ocrx_word' id='word_1_146' title='bbox 300 2742 362 2813; x_wconf 84' lang='grc' dir='ltr'><em>οὖν</em></span> <span class='ocrx_word' id='word_1_147' title='bbox 385 2745 470 2825; x_wconf 81' lang='grc' dir='ltr'><em>τάξω</em></span> <span class='ocrx_word' id='word_1_148' title='bbox 494 2745 553 2813; x_wconf 77' lang='grc' dir='ltr'><em>ἕνα</em></span> <span class='ocrx_word' id='word_1_149' title='bbox 576 2759 644 2814; x_wconf 79' lang='grc' dir='ltr'><em>τῶν</em></span> <span class='ocrx_word' id='word_1_150' title='bbox 668 2751 885 2836; x_wconf 86' lang='grc' dir='ltr'><em>τετραγώνων</em></span> <span class='ocrx_word' id='word_1_151' title='bbox 909 2750 1006 2832; x_wconf 71' lang='grc' dir='ltr'><em>ΔΥᾶ,</em></span> <span class='ocrx_word' id='word_1_152' title='bbox 1030 2752 1089 2816; x_wconf 93' lang='grc' dir='ltr'><em>τὸν</em></span> <span class='ocrx_word' id='word_1_153' title='bbox 1114 2747 1150 2816; x_wconf 72' lang='lat'><em>66</em></span> 
     </span>
     <span class='ocr_line' id='line_1_24' title="bbox 135 2840 1154 2943; baseline 0.002 -23"><span class='ocrx_word' id='word_1_154' title='bbox 135 2853 249 2941; x_wconf 78' lang='grc' dir='ltr'><em>ἕτερον</em></span> <span class='ocrx_word' id='word_1_155' title='bbox 280 2853 488 2939; x_wconf 84' lang='grc' dir='ltr'><em>τετράγωνον</em></span> <span class='ocrx_word' id='word_1_156' title='bbox 514 2840 589 2939; x_wconf 60' lang='lat' dir='ltr'><em>Ma,</em></span> <span class='ocrx_word' id='word_1_157' title='bbox 629 2857 721 2920; x_wconf 82' lang='grc' dir='ltr'><em>ἔσται</em></span> <span class='ocrx_word' id='word_1_158' title='bbox 753 2855 770 2921; x_wconf 95' lang='lat'><em>6</em></span> <span class='ocrx_word' id='word_1_159' title='bbox 805 2853 862 2921; x_wconf 84' lang='grc' dir='ltr'><em>ὑπ’</em></span> <span class='ocrx_word' id='word_1_160' title='bbox 892 2857 1003 2922; x_wconf 81' lang='grc' dir='ltr'><em>αὐτῶν</em></span> <span class='ocrx_word' id='word_1_161' title='bbox 1041 2857 1154 2943; x_wconf 87' lang='grc' dir='ltr'><em>τετρά-</em></span> 
     </span>
     <span class='ocr_line' id='line_1_25' title="bbox 136 2959 1154 3049; baseline 0.005 -24"><span class='ocrx_word' id='word_1_162' title='bbox 136 2984 243 3044; x_wconf 89' lang='grc' dir='ltr'><em>γωνος</em></span> <span class='ocrx_word' id='word_1_163' title='bbox 265 2959 334 3021; x_wconf 66' lang='grc' dir='ltr'><em>ΛΥ·</em></span> <span class='ocrx_word' id='word_1_164' title='bbox 360 2961 471 3046; x_wconf 73' lang='grc' dir='ltr'><em>δεήσει</em></span> <span class='ocrx_word' id='word_1_165' title='bbox 489 2962 553 3048; x_wconf 86' lang='grc' dir='ltr'><em>άρα</em></span> <span class='ocrx_word' id='word_1_166' title='bbox 571 2972 706 3046; x_wconf 85' lang='grc' dir='ltr'><em>τοῦτον,</em></span> <span class='ocrx_word' id='word_1_167' title='bbox 729 2966 962 3047; x_wconf 85' lang='grc' dir='ltr'><em>προσλαβόντα</em></span> <span class='ocrx_word' id='word_1_168' title='bbox 986 2959 1154 3049; x_wconf 81' lang='grc' dir='ltr'><em>ἑκάτερον,</em></span> 
     </span>
     <span class='ocr_line' id='line_1_26' title="bbox 135 3062 1155 3155; baseline 0.004 -24"><span class='ocrx_word' id='word_1_169' title='bbox 135 3076 243 3133; x_wconf 86' lang='grc' dir='ltr'><em>ποιεῖν</em></span> <span class='ocrx_word' id='word_1_170' title='bbox 264 3070 337 3130; x_wconf 62' lang='lat'><em>0⁰²·</em></span> <span class='ocrx_word' id='word_1_171' title='bbox 357 3067 498 3152; x_wconf 80' lang='grc' dir='ltr'><em>άιτῖγαται</em></span> <span class='ocrx_word' id='word_1_172' title='bbox 517 3062 580 3134; x_wconf 85' lang='grc' dir='ltr'><em>οὖν</em></span> <span class='ocrx_word' id='word_1_173' title='bbox 594 3070 642 3146; x_wconf 89' lang='grc' dir='ltr'><em>είς</em></span> <span class='ocrx_word' id='word_1_174' title='bbox 660 3071 697 3134; x_wconf 92' lang='grc' dir='ltr'><em>τὸ</em></span> <span class='ocrx_word' id='word_1_175' title='bbox 719 3070 852 3153; x_wconf 76' lang='grc' dir='ltr'><em>ζητῆσαι</em></span> <span class='ocrx_word' id='word_1_176' title='bbox 870 3072 920 3146; x_wconf 91' lang='grc' dir='ltr'><em>τίς</em></span> <span class='ocrx_word' id='word_1_177' title='bbox 938 3069 1155 3155; x_wconf 84' lang='grc' dir='ltr'><em>τετράγωνος,</em></span> 
     </span>
    </p>

    <p class='ocr_par' dir='ltr' id='par_1_14' title="bbox 96 3160 627 3259">
     <span class='ocr_line' id='line_1_27' title="bbox 96 3160 627 3259; baseline 0.008 -21"><span class='ocrx_word' id='word_1_178' title='bbox 96 3202 123 3244; x_wconf 75' lang='lat'><em>25</em></span> <span class='ocrx_word' id='word_1_179' title='bbox 136 3174 337 3258; x_wconf 84' lang='grc' dir='ltr'><em>προσλαβὼν</em></span> <span class='ocrx_word' id='word_1_180' title='bbox 355 3160 424 3259; x_wconf 55' lang='lat' dir='ltr'><em>Ma,</em></span> <span class='ocrx_word' id='word_1_181' title='bbox 446 3185 537 3241; x_wconf 86' lang='grc' dir='ltr'><em>ποιεῖ</em></span> <span class='ocrx_word' id='word_1_182' title='bbox 558 3178 627 3242; x_wconf 58' lang='lat'><em>3⁰⁷.</em></span> 
     </span>
    </p>
   </div>
   <div class='ocr_carea' id='block_1_6' title="bbox 1 3361 1155 3622">
    <p class='ocr_par' dir='ltr' id='par_1_15' title="bbox 1 3361 1155 3622">
     <span class='ocr_line' id='line_1_28' title="bbox 207 3361 1153 3451; baseline 0.004 -31"><span class='ocrx_word' id='word_1_183' title='bbox 207 3367 250 3439; x_wconf 70' lang='grc' dir='ltr'><em>λίῖ</em></span> <span class='ocrx_word' id='word_1_184' title='bbox 270 3372 298 3432; x_wconf 71' lang='grc' dir='ltr'>Α</span> <span class='ocrx_word' id='word_1_185' title='bbox 318 3362 450 3437; x_wconf 74' lang='grc' dir='ltr'><em>ἑκάτερον</em></span> <span class='ocrx_word' id='word_1_186' title='bbox 468 3375 547 3421; x_wconf 86' lang='grc' dir='ltr'><em>ποιεῖ</em></span> <span class='ocrx_word' id='word_1_187' title='bbox 562 3367 595 3423; x_wconf 88' lang='grc' dir='ltr'><em>Α,</em></span> <span class='ocrx_word' id='word_1_188' title='bbox 692 3373 707 3421; x_wconf 80' lang='lat'><em>&#39;1</em></span> <span class='ocrx_word' id='word_1_189' title='bbox 727 3361 815 3423; x_wconf 78' lang='grc' dir='ltr'><em>ἐλάττ.</em></span> <span class='ocrx_word' id='word_1_190' title='bbox 839 3367 886 3421; x_wconf 84' lang='lat' dir='ltr'><em>Ba</em></span> <span class='ocrx_word' id='word_1_191' title='bbox 910 3365 990 3436; x_wconf 74' lang='lat' dir='ltr'><strong>(item</strong></span> <span class='ocrx_word' id='word_1_192' title='bbox 1009 3369 1079 3451; x_wconf 57' lang='grc' dir='ltr'><em>θεῖ</em></span> <span class='ocrx_word' id='word_1_193' title='bbox 1099 3369 1153 3438; x_wconf 86' lang='grc'>10).</span> 
     </span>
     <span class='ocr_line' id='line_1_29' title="bbox 1 3450 1154 3528; baseline 0 -18"><span class='ocrx_word' id='word_1_194' title='bbox 1 3508 2 3528; x_wconf 28' lang='grc' dir='ltr'><em>γ</em></span> <span class='ocrx_word' id='word_1_195' title='bbox 173 3450 350 3519; x_wconf 76' lang='grc' dir='ltr'><em>Βὲλάττονὸς</em></span> <span class='ocrx_word' id='word_1_196' title='bbox 364 3456 395 3510; x_wconf 92' lang='grc' dir='ltr'><em>Β.</em></span> <span class='ocrx_word' id='word_1_197' title='bbox 471 3461 504 3510; x_wconf 89' lang='grc'><em>10</em></span> <span class='ocrx_word' id='word_1_198' title='bbox 519 3454 707 3528; x_wconf 85' lang='grc' dir='ltr'><em>τετράγωνον]</em></span> <span class='ocrx_word' id='word_1_199' title='bbox 724 3457 772 3510; x_wconf 87' lang='grc' dir='ltr'><em>Βα</em></span> <span class='ocrx_word' id='word_1_200' title='bbox 790 3455 868 3512; x_wconf 53' lang='lat' dir='ltr'><em>add:</em></span> <span class='ocrx_word' id='word_1_201' title='bbox 884 3455 1018 3526; x_wconf 80' lang='grc' dir='ltr'><em>δυνάμεις</em></span> <span class='ocrx_word' id='word_1_202' title='bbox 1036 3457 1055 3509; x_wconf 83' lang='grc' dir='ltr'><em>δ</em></span> <span class='ocrx_word' id='word_1_203' title='bbox 1079 3451 1112 3510; x_wconf 85' lang='lat'><em>06</em></span> <span class='ocrx_word' id='word_1_204' title='bbox 1135 3455 1154 3525; x_wconf 77' lang='grc' dir='ltr'><em>ἡ</em></span> 
     </span>
     <span class='ocr_line' id='line_1_30' title="bbox 1 3531 1155 3622; baseline 0.001 -24"><span class='ocrx_word' id='word_1_205' title='bbox 1 3531 3 3622; x_wconf 65' lang='grc' dir='ltr'><strong><em>λ</em></strong></span> <span class='ocrx_word' id='word_1_206' title='bbox 135 3545 243 3615; x_wconf 81' lang='grc' dir='ltr'><em>πλευρὰ</em></span> <span class='ocrx_word' id='word_1_207' title='bbox 261 3534 306 3617; x_wconf 62' lang='lat' dir='ltr'><em>§B</em></span> <span class='ocrx_word' id='word_1_208' title='bbox 372 3549 404 3597; x_wconf 79' lang='lat'><em>12</em></span> <span class='ocrx_word' id='word_1_209' title='bbox 424 3538 463 3598; x_wconf 77' lang='grc' dir='ltr'><em>ὧν</em></span> <span class='ocrx_word' id='word_1_210' title='bbox 478 3541 511 3597; x_wconf 88' lang='grc' dir='ltr'><em>αλ</em></span> <span class='ocrx_word' id='word_1_211' title='bbox 522 3544 641 3615; x_wconf 78' lang='grc' dir='ltr'><em>πλευραὶ</em></span> <span class='ocrx_word' id='word_1_212' title='bbox 656 3541 820 3616; x_wconf 84' lang='grc' dir='ltr'><em>συνάγουσι]</em></span> <span class='ocrx_word' id='word_1_213' title='bbox 836 3544 885 3598; x_wconf 85' lang='grc' dir='ltr'><em>ταλ</em></span> <span class='ocrx_word' id='word_1_214' title='bbox 899 3552 955 3599; x_wconf 84' lang='grc' dir='ltr'><em>τῶν</em></span> <span class='ocrx_word' id='word_1_215' title='bbox 972 3544 1155 3615; x_wconf 83' lang='grc' dir='ltr'><em>τετραγώνων</em></span> 
     </span>
    </p>
   </div>
   <div class='ocr_carea' id='block_1_7' title="bbox 39 3668 121 3688">
    <p class='ocr_par' dir='ltr' id='par_1_16' title="bbox 39 3668 121 3688">
     <span class='ocr_line' id='line_1_31' title="bbox 39 3668 121 3688; baseline 0 0"><span class='ocrx_word' id='word_1_216' title='bbox 39 3668 121 3688; x_wconf 61' lang='lat'><em>*-</em></span> 
     </span>
    </p>
   </div>
   <div class='ocr_carea' id='block_1_8' title="bbox 0 0 1281 3962">
    <p class='ocr_par' dir='ltr' id='par_1_17' title="bbox 0 0 1281 3962">
     <span class='ocr_line' id='line_1_32' title="bbox 0 0 1281 3962; baseline 0 0"><span class='ocrx_word' id='word_1_217' title='bbox 0 0 1281 3962; x_wconf 95' lang='lat' dir='ltr'><em> </em></span> 
     </span>
    </p>
   </div>
  </div>
 </body>
</html>
