2546 3986
122 225 189 290 470
363 226 451 276 ΠΕΡΙ
469 223 705 276 ΠΟΔΤΓΩΝΩΝ
723 221 898 276 ΑΡΙΘΜΩΝ.

183 383 274 452 Ἐπεὶ
297 387 360 473 γάρ
384 385 554 470 ἐδείξαμεν
577 388 636 451 τὸν
660 387 833 469 σύμπαντα
856 395 923 448 τῶν
945 379 1145 467 ἐκκειμένων

120 493 271 576 πάντων,
300 496 483 578 γενόμενον
506 490 559 558 ἐπὶ
581 501 605 575 ἦ
626 494 703 568 τοὺς
725 494 806 574 ΚΒ,
834 489 888 556 καὶ
911 492 1145 576 προσλαβόντα

119 600 178 664 τὸν
203 597 266 664 άπὸ
290 608 352 666 τοῦ
375 603 443 664 ΝΒ
465 602 535 682 []⁰V,
558 607 720 664 ποιοῦντα
743 599 801 663 τὸν
825 595 889 662 άπὸ
912 604 973 661 τού
996 594 1053 674 ξΚ
1071 599 1144 679 []⁰⁹,

120 704 204 771 άλλά
231 702 284 770 καλ
314 702 374 770 ἐάν
401 707 506 789 άλληυ
536 704 665 788 μονάδα
693 708 809 786 θῶμεν
831 704 893 786 τὴν
916 707 998 785 AO,
1027 701 1144 786 ἕξομεν

94 813 181 896 ιτὴν
204 814 239 874 Κ
244 815 272 875 O
296 811 415 896 δυάδα,
438 807 494 875 καὶ
517 813 608 875 ἔστιν
632 806 669 873 δὲ
693 809 814 893 ὁμοίως
837 806 891 874 καὶ
918 809 936 875 6
956 812 1031 873 KN
1046 808 1144 885 δυάς·

120 919 253 982 ἔσονται
276 918 340 1002 άρα
363 917 399 982 ολ
420 920 494 1000 ΟΒ,
513 918 590 999 ΒΚ,
608 918 681 979 ΒΝ
704 922 749 1000 τῷ
778 920 839 1002 ίσςο
868 912 1020 999 ἀλλήλων
1042 914 1145 999 ὑπερ-

121 1021 264 1108 έχοντες·
289 1023 307 1089 6
330 1023 394 1108 άρα
417 1033 474 1106 6²⁴⁶
492 1021 557 1087 ὑπὸ
576 1030 637 1087 τοῦ
659 1023 818 1105 μεγίστου
841 1028 901 1084 τοῦ
922 1024 983 1084 OB
1004 1017 1060 1085 καί
1082 1030 1144 1086 τοῦ

119 1129 223 1213 μέσου
242 1137 303 1194 τοῦ
321 1131 399 1212 ΒΚ,
416 1127 616 1214 προσλαβὼν
640 1128 699 1192 τὸν
723 1125 787 1191 άπὸ
811 1135 871 1191 τοῦ
890 1125 1064 1210 ἐλαχίστου
1082 1135 1144 1192 τοῦ

121 1239 193 1299 ΒΝ
210 1239 280 1319 []⁰⁹‚
308 1244 399 1300 ποιεῖ
427 1237 486 1298 []⁰⁹
508 1235 656 1315 πλευράν
687 1235 805 1318 ἔχοντα
832 1234 891 1298 τὸν
924 1233 1144 1316 συγκείμενον

80 1361 106 1400 10
120 1345 156 1407 ἔτι
183 1365 217 1407 τε
244 1350 306 1407 τοῦ
338 1344 495 1425 μεγίστου
527 1349 587 1406 τοῦ
616 1343 678 1404 OB
706 1336 762 1404 καὶ
788 1343 810 1423 β
837 1349 904 1404 τῶν
933 1336 1043 1422 με’σων
1075 1349 1144 1403 τῶν

119 1452 198 1513 ΒΚ·
222 1446 277 1514 καὶ
300 1448 318 1513 6
344 1451 406 1512 OB
430 1449 494 1533 άρα
512 1443 839 1522 πολλαπλασιασθεὶς
857 1443 910 1510 ἐπὶ
928 1454 950 1528 ἦ
968 1447 1046 1522 τοὺς
1064 1447 1142 1529 ΚΒ,

119 1554 174 1621 καὶ
192 1555 391 1639 προσλαβὼν
410 1555 469 1619 τὸυ
488 1552 553 1618 άπὸ
576 1563 637 1619 τοῦ
660 1556 729 1617 ΝΒ
750 1556 821 1636 UO,
845 1559 886 1617 ίσ.
909 1559 954 1640 τῷ
974 1551 1038 1616 ἀπὸ
1059 1568 1140 1616 συν-

120 1659 310 1747 αμφοτέρου
333 1669 394 1726 τού
417 1684 451 1725 τε
476 1664 538 1725 ΟΒ
561 1657 617 1725 καὶ
639 1663 660 1743 β
684 1671 751 1724 τῶν
775 1662 855 1742 ΚΒ,
883 1657 938 1724 καὶ
965 1658 986 1742 ἡ
1014 1660 1143 1744 πλευρὰ

120 1774 263 1834 λιποῦσα
291 1768 413 1850 δυάδα,
442 1768 502 1832 τὸν
527 1769 607 1850 οΚ,
636 1768 827 1845 καταλείψει
855 1768 976 1849 χτοὺς
999 1767 1079 1846 ΚΒ,
1110 1767 1146 1830 οἵ

80 1891 106 1932 1⁵
120 1877 205 1940 είσιυ
228 1884 288 1940 τοῦ
311 1877 376 1938 ΚΒ
399 1867 641 1939 πολλαπλάσιοι
664 1874 745 1938 κατὰ
768 1872 899 1958 τριάδα·
927 1873 947 1956 ἡ
976 1868 1014 1938 δὲ
1037 1873 1143 1959 τριάς,

119 1984 357 2068 προσλαβοῦσα
380 1980 521 2065 μονάδα,
544 1977 604 2063 6²¹¹·
628 1976 697 2044 ἐστὶ
720 1987 777 2063 τῆς
801 1979 932 2056 δυάδος.

182 2084 272 2152 Ἐπεὶ
300 2083 362 2154 οὑν
389 2087 407 2153 6
437 2089 566 2172 σύμπας
594 2099 661 2152 τῶν
690 2083 887 2170 ἐκκειμένων
920 2089 984 2151 σὺυ
1016 2095 1054 2172 τῇ
1083 2110 1143 2170 μο-

119 2194 197 2259 νάδι
224 2195 262 2258 τὸ
291 2193 371 2259 αὑτὸ
399 2197 574 2278 πρόβλημα
601 2204 692 2258 ποιεί
715 2201 761 2282 τῷ
791 2196 870 2276 ΟΒ,
897 2190 915 2257 6
945 2189 982 2257 δὲ
1007 2196 1069 2257 OB
1094 2192 1142 2257 ὢν
1268 2169 1272 2198 ¹

119 2300 229 2385 τυχὼν
261 2297 317 2364 καλ
353 2299 548 2382 πολύχωυύς
589 2298 679 2364 ἐστιν
716 2310 762 2363 6⁰⁹
794 2297 857 2363 άπὸ
901 2306 959 2381 τῆς
996 2298 1143 2383 μονάδος

80 2425 106 2464 20
120 2404 266 2494 (ἐπείπερ
291 2405 394 2490 μονάς
417 2405 506 2470 ἐστιν
530 2405 548 2470 6
572 2409 650 2490 AO,
674 2404 692 2470 6
716 2401 754 2470 δὲ
776 2402 824 2488 βάς
846 2402 936 2470 ἐστιν
960 2404 1140 2491 άριθμὸςὸ

119 2513 212 2599 AB),
235 2510 290 2578 καὶ
309 2514 375 2597 ἔχει
393 2510 543 2594 πλευράν
563 2512 685 2577 δυάδα·
709 2511 792 2576 ὥστε
811 2508 866 2576 καὶ
885 2510 902 2575 6
927 2512 1056 2595 σύμπας
1074 2522 1142 2576 τῶν

120 2619 319 2704 ἐκκειμένων
345 2619 540 2700 πολύχωυός
567 2617 658 2683 ἐστιν
687 2619 861 2701 ίσοχύνιος
884 2625 929 2706 τῷ
955 2620 1029 2701 OB,
1057 2619 1143 2702 ἔχων

119 2730 243 2810 γωνίας
270 2725 431 2801 τοσαύτας
459 2724 536 2801 ὅσος
563 2723 654 2790 ἐστὶν
677 2725 695 2790 6
719 2724 819 2788 δυάδι
843 2726 977 2808 μείζων,
1005 2733 1044 2808 τῇ
1069 2727 1141 2806 ΟΚ,

119 2841 177 2916 τῆς
204 2833 368 2919 ὑπεροχῆς
396 2832 506 2897 αὐτῶν
533 2840 594 2896 τοῦ
621 2834 699 2895 ΚΒ·
728 2828 783 2894 καὶ
811 2830 959 2915 πλευράν
989 2831 1054 2914 ἔχει
1082 2832 1142 2895 τὸν

79 2943 204 3023 ΒΗΘ,
234 2939 270 3016 ὅς
298 2938 366 3005 ἐστι
393 2940 430 3004 τὸ
453 2942 583 3022 πλῆθος
611 2948 678 3002 τῶν
701 2934 904 3001 ἐκτεθέντων
929 2938 992 3001 σὺυ
1020 2944 1058 3021 τῇ
1082 2960 1142 3020 μο-

120 3046 206 3111 νάδι.

187 3148 254 3216 Καὶ
272 3150 452 3237 ἀπεδείχθη
472 3154 509 3217 τὸ
534 3150 623 3236 παρὰ
636 3148 789 3230 ’Ῥψικλεί
811 3147 848 3213 ἐν
867 3149 933 3238 ὅρῳ
949 3151 1141 3234 λεγόμενον,

121 3258 182 3340 ὅτι,
209 3254 282 3322 ’ἐὰν
309 3253 392 3322 ὑσιυ
420 3255 559 3344 ἀριθμοὶ
587 3257 651 3322 ἀπὸ
680 3256 826 3341 μονάδος
856 3254 893 3321 ἐν
917 3261 971 3340 ίσιχ
994 3255 1140 3342 ὑπεροχῇ
1237 3319 1271 3352 ,χ

121 3363 314 3447 ὁποσοιοῦν,
337 3363 482 3447 μονάδος
504 3364 669 3447 μενούσης
691 3370 748 3446 τῆς
770 3361 946 3448 ὑπεροχῆς,
970 3360 988 3427 6
1012 3362 1141 3446 σύμπας
1248 3441 1250 3444 ¹

192 3524 207 3572 3
227 3527 319 3573 ποιεῖν
338 3519 393 3573 Βα.
483 3525 499 3574 ὅ
519 3517 576 3574 ἔστι
595 3521 647 3575 Βα.
739 3518 782 3590 θίλ
801 3517 968 3588 ὑπερέχουσι
987 3518 1062 3588 ΑΒ,.

121 3594 136 3642 8
156 3591 332 3662 προσλαβὼν]
352 3590 445 3662 λαβὼν
464 3591 508 3662 Β,.
597 3596 628 3644 11
648 3587 980 3658 πολλαπλασιασθήσεται
997 3590 1072 3661 ΑΒ,.
