2536 3970
484 205 694 258 PRAEFATIO.
1052 201 1107 256 Vll

94 370 184 452 sunt3
214 366 269 432 sed
292 366 380 431 haud
404 366 503 431 semel
528 387 686 450 perpensa
717 366 861 430 omnium
885 365 1106 450 neglectarum

93 473 268 539 lectionum
288 473 463 558 farragine,
481 472 607 536 nullum
625 472 699 536 inde
717 471 858 536 fructum
879 472 991 558 colligi
1009 493 1106 556 posse

93 578 175 644 mihi
207 584 331 644 certum
364 582 423 644 est.
473 577 520 644 Ut
552 579 736 662 exemplum
769 579 901 643 unicum
933 577 1108 663 proferam,

94 707 176 770 quae
199 685 279 749 fides
310 683 443 750 librario
475 684 625 749 habenda
649 687 699 748 est
722 685 811 749 ouius
839 706 905 749 non
928 683 1106 749 maximum

93 791 209 856 vitium
233 790 295 855 fuit
319 790 462 874 μονάδαι
486 812 544 874 pro
569 790 713 874 μονάδες
736 789 901 855 scribere?

183 899 349 982 Attamen,
368 902 404 963 ut
423 919 530 962 meam
549 896 745 962 sententiam
764 897 972 980 declararem,
989 918 1107 981 nempe

95 1004 301 1089 Diophantea
331 1003 522 1089 compendia
550 1003 730 1087 scripturae
758 1024 823 1067 non
854 1000 1003 1066 lectionis
1027 1024 1108 1088 esse,

92 1109 228 1195 ideoque
263 1110 438 1176 seeundum
475 1132 570 1176 voees
608 1110 760 1175 canonice
796 1108 976 1174 declinatas
1009 1131 1107 1174 enun-

92 1218 205 1283 tianda
228 1239 313 1301 esse,
343 1218 383 1282 ad
406 1217 490 1282 hanc
519 1216 718 1302 hypothesin
746 1215 970 1281 encliticorum
994 1235 1106 1281 acoen-

92 1332 185 1390 tuum
208 1347 302 1390 usum
326 1323 429 1408 adegi.

182 1431 230 1495 De
255 1429 518 1514 compendiorum
537 1429 652 1514 figuris
670 1429 735 1494 nisi
755 1427 860 1513 quoad
879 1450 992 1494 vocem
1011 1428 1107 1516 ἀριθ-

92 1541 168 1621 μός,
188 1559 292 1622 pauca
316 1536 395 1600 mihi
419 1536 580 1601 dubitatio
603 1535 681 1620 fuit3
705 1536 767 1600 hoo
790 1539 920 1600 tantum
944 1537 1105 1601 monitum

92 1643 145 1726 sit,
167 1643 344 1707 initialium
367 1642 536 1706 literarum
560 1645 603 1724 A,
627 1644 669 1724 K,
688 1645 738 1723 M,
761 1643 906 1706 unciales
927 1641 1047 1706 formas
1070 1641 1106 1705 in

93 1748 203 1813 codice
227 1750 256 1811 A
285 1751 430 1811 servatas
459 1767 541 1829 esse,
575 1747 637 1810 etsi
663 1749 698 1810 in
720 1746 762 1830 Β1
793 1747 992 1812 minusculae
1014 1769 1106 1829 prae·

92 1854 234 1918 valeant.
286 1851 326 1917 In
358 1855 479 1919 notas
513 1856 628 1916 eontra
660 1850 809 1935 eligenda
846 1850 899 1914 diu
933 1852 1104 1937 ambiguus

30 2025 32 2032 .
91 1957 196 2043 haesi3
226 1958 327 2022 talem
354 1957 495 2022 formam
518 1958 573 2023 vix
601 1979 675 2022 vere
702 1957 812 2021 inveni
840 1955 876 2019 in
898 1955 959 2040 B„
985 1958 1048 2022 nisi
1071 1958 1106 2022 in

92 2065 164 2130 loco
185 2063 383 2130 definitionis
401 2061 447 2150 (p.
466 2065 495 2148 6,
514 2062 559 2150 5).
598 2061 721 2128 Similis
742 2064 853 2128 eodem
875 2063 948 2128 loco
969 2069 1107 2148 apparet
1194 2081 1197 2097 ¹

91 2173 126 2236 in
149 2170 188 2256 A,
212 2171 268 2235 sed
291 2171 405 2234 charta
424 2191 517 2235 crasa
533 2169 612 2254 fuit,
635 2173 778 2255 notaque
802 2170 981 2252 posteriore
1005 2193 1105 2236 manu
1130 2203 1132 2207 ¹

91 2278 221 2343 relecta.
258 2275 338 2341 Fere
357 2277 476 2362 ubique
496 2276 577 2341 alibi
601 2274 730 2363 (nempe
753 2280 829 2360 post
847 2276 972 2360 priores
991 2277 1104 2360 libror,

93 2383 149 2448 ubi
177 2382 404 2467 compendium
432 2383 634 2467 plerumque,
664 2387 701 2446 ut
728 2382 808 2467 dixi,
834 2383 1016 2449 resolutum
1040 2383 1104 2470 est)

90 2490 209 2574 forma,
242 2492 356 2574 utpote
388 2511 504 2572 parum
536 2489 718 2572 commoda,
751 2492 877 2554 mutata
909 2493 972 2572 est3
1004 2489 1039 2554 in
1062 2488 1103 2574 Β1

93 2595 216 2661 aceedit
239 2595 280 2658 ad
308 2617 379 2659 eam
408 2617 504 2679 quam
533 2595 695 2660 Bachetus
723 2596 896 2680 expressit,
925 2595 1049 2660 scilicet
1077 2611 1104 2680 §3

90 2702 126 2766 in
148 2701 180 2766 A
203 2702 300 2787 longe
324 2702 390 2766 alia
412 2701 589 2786 invenitur,
618 2723 734 2784 nempe
759 2721 793 2786 u.
838 2700 1030 2767 Notandum
1054 2705 1104 2767 est

90 2807 224 2893 insuper
250 2807 285 2872 in
312 2812 449 2892 utroque
479 2809 600 2889 codice,
633 2808 760 2892 quoties
790 2807 926 2892 pluralis
949 2830 1103 2874 numerus

20 2914 22 2918 ’
91 2919 150 2999 est,
174 2914 401 2999 compendium
424 2914 583 2998 duplicari
606 2912 655 3000 (st
679 2915 729 2979 vol
753 2910 821 2999 uu).

181 3021 299 3086 Fateor
318 3021 420 3108 igitur
437 3022 525 3087 haud
545 3021 732 3086 firmissima
750 3021 944 3087 auctoritate
963 3022 1102 3087 formam

89 3143 109 3196 5
133 3127 207 3211 niti,
236 3126 395 3191 attentius
423 3130 534 3191 tamen
557 3127 666 3192 omnia
690 3126 771 3190 mihi
798 3127 1009 3212 perpendenti
1033 3149 1103 3213 per·

91 3256 222 3299 suasum
247 3236 311 3320 est,
343 3255 382 3298 ex
409 3233 559 3319 pluribus
588 3234 673 3298 inter
700 3256 794 3298 voces
817 3231 872 3298 καὶ
903 3238 936 3299 et
959 3233 1104 3322 ἀριθμός

89 3339 354 3424 confusionibus,
399 3340 590 3425 compendia
630 3340 793 3425 utrimque
840 3339 960 3405 similia
1000 3341 1101 3406 fuisse

89 3443 192 3533 (quod
220 3447 381 3531 reperitur
408 3447 442 3509 in
471 3445 576 3510 forma
598 3444 632 3531 5)
656 3445 772 3510 saltem
795 3445 830 3510 in
858 3467 895 3510 eo
927 3445 1034 3510 codiee
1063 3467 1102 3510 ex

91 3574 156 3637 quo
190 3553 371 3636 descriptus
404 3557 455 3620 est
486 3553 542 3617 ille
578 3552 739 3637 pessimus
772 3556 960 3618 nostrorum
993 3553 1102 3618 arche-
