2536 3970
520 189 733 243 PRAEFATIO.
1103 187 1130 243 V

115 347 221 415 Vatic.
249 349 399 415 biblioth.
427 349 596 414 Palatinus
621 371 669 436 gr.
693 348 789 439 391),
818 350 856 415 de
885 373 948 436 quo
978 349 1083 415 editor
1111 374 1130 416 a

116 454 277 522 Salmasio
297 457 489 523 relationem
504 457 637 541 aceepit,
657 457 857 542 aXylandro
877 463 914 523 ut
932 457 1020 542 typis
1040 479 1130 522 man-

115 563 254 644 daretur,
276 569 411 648 paratus
434 563 551 630 fuerat.
860 625 868 654 ‚

204 667 253 733 De
277 669 394 754 quibus
418 667 538 734 certior
561 669 679 753 factus,
709 667 924 754 Diophanteis
949 673 1023 736 octo
1046 670 1131 736 codi-

114 776 206 841 cibus
239 775 377 861 integris
415 776 556 858 collatis,
593 775 728 860 aliisque
767 775 1027 861 quattuordecim
1060 776 1129 842 sine

114 880 223 946 fructu
245 882 403 964 excussis,
431 880 518 945 baud
542 879 687 946 dubitavi
710 882 789 966 quin
811 880 1015 948 Matritensis
1038 882 1070 947 A
1093 888 1130 948 ut

113 987 187 1053 fons
215 987 421 1072 praecipuus,
451 987 516 1051 imo
544 987 780 1072 propemodum
809 988 937 1074 unicus,
965 979 1046 1054 mibi
1074 990 1130 1054 eli-

115 1095 240 1181 gendus
270 1094 368 1178 foret3
402 1094 524 1159 etenim
552 1093 716 1158 Planudea
746 1096 891 1162 recensio
920 1096 948 1160 Β
978 1096 1130 1162 omnibus

114 1202 180 1266 fere
203 1200 327 1266 mendis
348 1201 429 1265 mire
449 1201 620 1286 consentit,
642 1201 813 1286 perpaucis
831 1202 913 1268 locis
933 1206 1063 1267 tanturn
1088 1202 1128 1267 ad

115 1307 288 1372 arbitrium
312 1307 448 1372 mutatis
471 1307 506 1393 in
529 1307 691 1392 prioribus
715 1307 841 1372 duobus
864 1308 958 1373 libris
982 1311 1040 1373 aut
1060 1308 1128 1393 qui·

93 1414 252 1480 busdam
276 1415 409 1480 vocibus
434 1413 475 1478 ad
498 1436 647 1479 normam
676 1435 790 1500 graece
814 1415 967 1498 loquendi
995 1415 1130 1480 adactis.

115 1518 177 1586 Sed
200 1519 459 1586 Alexandrinum
481 1521 663 1605 hominem,
692 1522 792 1587 tertio
815 1525 893 1605 post
916 1519 991 1587 Ohr.
1013 1524 1129 1587 natum

114 1627 242 1692 saeculo
272 1626 505 1692 mathematica
532 1627 744 1710 scribentem,
775 1626 942 1710 purissimi
971 1628 1129 1692 sermonis

113 1733 278 1817 exemplar
307 1732 491 1797 exhibuisse
524 1736 558 1796 et
583 1753 749 1815 nunquam
782 1733 867 1816 apud
895 1733 1129 1818 grammaticos

114 1838 288 1904 offendisse
312 1840 366 1903 vix
389 1837 470 1902 mibi
493 1858 684 1921 persuasum
707 1837 783 1921 erit3
814 1837 1036 1902 barbarismos
1060 1842 1130 1902 tan-

113 1950 193 2030 tum,
213 1967 251 2009 ex
270 1944 444 2011 oscitantia
464 1943 673 2009 librariorum
694 1947 793 2029 ortos,
812 1944 929 2008 tollore
949 1945 1029 2010 satis
1049 1948 1129 2009 erat.

202 2049 252 2117 Ne
280 2052 315 2117 in
343 2052 538 2116 immensum
565 2051 760 2116 variantium
788 2049 966 2116 lectionum
993 2050 1128 2136 farrago

111 2167 280 2243 cresceret,
302 2160 436 2242 multas,
460 2160 575 2243 utpote
599 2157 640 2221 ad
664 2179 798 2242 scopum
822 2157 969 2222 criticum
992 2180 1128 2242 prorsus

111 2265 258 2345 inutiles,
287 2266 436 2330 consulto
465 2265 575 2349 omisi,
603 2263 642 2329 ds
670 2264 789 2348 quibus
818 2268 927 2329 tamen
952 2265 1128 2348 peculiaris

112 2393 219 2436 sermo
243 2372 326 2436 mihi
347 2392 434 2436 nunc
456 2370 676 2436 instituendus
701 2375 758 2453 est,
781 2375 819 2436 ut
843 2394 862 2435 a
884 2370 978 2436 falsis
1003 2371 1128 2456 opinio·

111 2476 208 2543 nibus
232 2478 337 2542 lector
360 2481 481 2544 caveat.
505 2493 507 2498 ·

201 2583 240 2647 ln
267 2583 381 2667 primis
410 2582 606 2648 monendum
637 2587 688 2647 est
710 2582 949 2666 problematum
973 2605 1127 2649 numeros

110 2688 275 2754 ordinales
308 2690 342 2753 in
374 2689 482 2755 codice
512 2688 543 2753 A
577 2710 650 2753 sera
681 2709 780 2752 manu
811 2689 952 2754 insertos
986 2711 1055 2755 esse
1088 2712 1128 2754 ex

111 2794 333 2880 manuscripto
356 2795 502 2861 familiae
525 2794 567 2880 B,
599 2795 709 2859 nullos
738 2796 834 2859 antea
864 2795 978 2880 fuisse3
1008 2795 1127 2861 discre-

112 2902 260 2986 pantiam
282 2901 368 2966 inter
387 2903 416 2965 A
436 2905 470 2966 et
488 2901 527 2985 Bl
553 2901 589 2964 in
608 2905 699 2966 sexto
718 2901 804 2966 libro
823 2903 952 2965 tantum
971 2900 1127 2981 invenies,
1221 2951 1223 2956 .

111 3031 210 3092 quam
232 3007 353 3092 notavi,
377 3029 416 3072 cx
439 3028 547 3072 errore
571 3007 745 3072 manifesto
769 3007 801 3070 in
822 3006 862 3091 B¹
884 3011 1000 3072 ortam.
1038 3005 1127 3072 Oete

110 3137 222 3180 rorum
246 3115 392 3181 codicum
421 3137 459 3179 ea
483 3114 522 3178 de
549 3135 584 3178 re
612 3134 733 3199 magna
762 3113 920 3178 dissensio
946 3117 1008 3199 est,
1035 3113 1127 3178 nulla

110 3221 304 3306 auctoritas3
322 3243 475 3286 numeros
489 3219 718 3303 BachetianoS‚
736 3220 880 3284 romania
894 3219 982 3285 notis
996 3222 1126 3284 tantum

110 3349 281 3412 expressos
302 3331 336 3393 et
351 3326 585 3393 commentario
599 3325 764 3392 Planudeo
783 3327 868 3391 male
888 3324 1127 3410 accomodatos,

109 3436 146 3499 in
169 3435 317 3522 margine
339 3434 618 3518 interpretationis
642 3434 764 3498 latinae
788 3433 935 3499 indicavi.

199 3538 252 3605 Ad
276 3540 340 3606 alia
363 3539 496 3604 maioris
520 3538 678 3604 momenti
700 3538 935 3604 transeundum
959 3540 1017 3603 est.
