2552 3980
287 201 616 254 ARITHMETIOORUM
634 202 743 252 LIBER
762 201 928 264 QUINTUS.
1048 199 1114 264 365

562 395 650 461 XIX.

160 519 312 586 Invenire
335 523 403 585 tres
425 541 577 585 numeros
598 541 736 603 quorum
761 541 887 585 summa
911 519 955 584 sit
978 520 1114 603 quadra·
1134 537 1167 586 22

92 633 148 692 tus
173 631 208 692 et
230 626 331 692 cubus
359 649 378 690 a
406 648 533 692 summa
559 627 659 691 trium
683 625 790 691 minus
812 647 1006 712 unoquoque
1029 627 1114 710 ipso·

92 757 168 799 rum
190 732 293 800 faeiat
316 731 552 819 quadratum.1)

161 928 332 994 Habemus
355 950 468 994 rursus
492 929 514 993 2
537 929 743 1014 partiendum
766 933 803 992 ut
824 928 925 1014 priua,
952 931 986 992 et
1014 927 1115 992 cubus

95 1037 160 1102 a2
193 1039 244 1100 est
276 1035 305 1100 8.
357 1033 496 1121 Oportet
525 1035 626 1120 igitur
658 1035 700 1099 ab
734 1035 754 1100 8
783 1033 975 1100 subtrahere
1002 1056 1115 1100 unum·

94 1164 256 1228 quemque
280 1145 313 1206 et
336 1142 442 1206 faeere
468 1144 510 1207 U.
552 1139 727 1226 Oportebit
749 1141 851 1227 igitur
873 1141 993 1226 partiri
1014 1142 1058 1207 22
1082 1142 1117 1206 in

93 1256 163 1316 tres
187 1249 364 1334 quadratos
388 1271 525 1333 quorum
546 1249 766 1333 unusquisque
784 1249 829 1314 sit
847 1249 952 1314 maior
970 1270 1067 1333 quam
1087 1249 1115 1312 6.
1195 1264 1199 1266 ·

93 1357 142 1422 Et
165 1347 208 1421 ab
232 1358 252 1422 8
276 1355 496 1421 subtrahendo
520 1377 782 1439 unumquemque
806 1355 955 1440 istorum,
977 1355 1117 1419 invenie·

94 1484 169 1527 mus
208 1461 374 1546 quaesitos
410 1482 564 1526 numeros
601 1464 678 1526 tres.
731 1460 803 1526 Hoe
841 1463 950 1525 autem
987 1458 1117 1547 antea²)

95 1571 317 1633 monstratum
346 1571 397 1633 est
424 1568 585 1652 quomodo
615 1570 744 1652 oportet
771 1566 887 1651 partiri
915 1567 958 1632 22
986 1565 1021 1630 in
1049 1571 1116 1632 tres

95 1675 274 1760 quadratos
298 1696 436 1759 quorum
459 1675 688 1760 unusquisque.
706 1675 749 1738 sit
774 1673 879 1738 maior
902 1695 1000 1759 quam
1024 1674 1054 1738 6.

593 1921 663 1990 XX.

164 2045 285 2112 Datam
307 2045 500 2112 fractionem
519 2046 636 2131 partiri
655 2047 691 2111 in
706 2049 781 2111 tres
804 2044 990 2122 fractiones,
1013 2041 1062 2108 ita
1080 2046 1118 2108 ut
1136 2062 1170 2110 23

95 2174 310 2239 unaquaeque
343 2153 503 2238 ipsarum,
540 2153 647 2219 minus
680 2154 764 2219 eubo
797 2174 818 2216 a
851 2173 977 2217 summa
1009 2149 1118 2234 trium,

95 2259 198 2325 faeiat
221 2260 425 2345 quadratum.

166 2382 216 2447 sie
249 2384 326 2449 data
356 2383 472 2450 fractio
500 2350 527 2487 Ξ
551 2387 584 2448 et
612 2385 762 2468 oporteat
788 2382 904 2466 partiri
930 2349 958 2486 Ξ
986 2380 1021 2445 in
1050 2384 1116 2445 tres

96 2525 274 2591 fractiones
297 2525 381 2592 sicut
399 2525 606 2611 propositum
630 2529 689 2590 eet.

173 2719 199 2787 1)
173 2715 416 2772 lDesiderantur
430 2716 535 2773 solutio
549 2717 633 2772 butus
642 2713 837 2786 problematis,
851 2714 925 2769 duae
937 2711 1117 2784 quaestiones

98 2789 141 2842 sie
158 2785 218 2842 lere
236 2789 402 2857 ooneeptae·

171 2859 257 2931 xlx„
286 2858 414 2914 Invenire
427 2861 486 2914 tres
499 2876 630 2914 numeros
644 2875 763 2928 quorum
777 2873 887 2914 summa
905 2855 944 2910 sit
961 2855 1117 2924 quadratus

98 2932 130 2985 et
154 2899 247 2986 cubus¹
266 2947 284 2986 a
306 2946 416 2985 summa
434 2931 528 2986 trium
551 2931 714 2986 subtractus
738 2929 775 2984 ab
800 2943 970 2997 unoquoque
993 2925 1119 2997 ipsorum

96 3001 188 3058 faeiat
209 3003 387 3070 quadratum.

171 3072 259 3145 XIX
295 3071 423 3127 Invenire
441 3075 500 3127 tres
518 3089 649 3127 numeros
674 3089 793 3153 quorum
816 3087 925 3126 summa
944 3069 1014 3123 data
1033 3067 1070 3122 sit
1090 3069 1120 3122 et

98 3143 188 3200 cubus
212 3159 230 3196 a
254 3160 363 3199 summa
390 3142 477 3200 trium
503 3143 568 3214 plus
590 3159 758 3212 unoquoque
780 3142 907 3212 ipsorum
932 3140 1022 3195 faeiat
1050 3156 1119 3208 qua·

98 3217 222 3272 (Iratum.

172 3285 294 3355 denique
312 3285 462 3341 solutionis
480 3283 595 3339 initium
614 3284 757 3353 sequentis
775 3283 974 3355 problematis.

171 3359 258 3430 XIX4.
296 3357 425 3413 Invenire
448 3359 506 3412 tres
530 3372 660 3411 numeros
679 3373 798 3425 quorum
817 3373 927 3410 summa
944 3354 1015 3409 data
1034 3353 1072 3408 sit
1090 3355 1119 3408 et

98 3429 188 3485 cubus
212 3445 229 3484 a
253 3446 363 3484 summa
385 3428 472 3484 trium
494 3426 587 3481 minus
611 3443 779 3496 unoquoque
797 3426 923 3498 ipsorum
941 3424 1031 3480 faeiat
1049 3441 1118 3494 qua-

97 3503 275 3558 ‹tratum-
295 3501 338 3556 Sit
356 3517 466 3555 summa
484 3500 596 3555 dotat.

172 3576 200 3640 )
172 3571 260 3628 Of
278 3572 424 3642 problema
442 3572 477 3644 V
490 3591 526 3626 ιιι.
