2548 3962
175 144 217 208 76
418 195 422 200 .
529 119 784 198 εεεοωωειιξεεω
802 149 833 200 Α.

236 304 459 393 Ἐπιτετάχθω
493 287 533 392 δὴ
566 311 625 374 τὸν
655 311 787 391 μείζονα
814 317 875 373 τοῦ
903 305 1084 385 ἐλάσσονος
1106 304 1197 374 εἶναι

174 411 244 498 yn,
266 416 326 479 τὸν
350 410 386 478 δὲ
410 413 474 480 άπὸ
498 424 558 480 τοῦ
582 414 761 491 ἐλάσσονος
781 414 992 498 τετράγωνον
1013 423 1071 497 τῆς
1093 415 1196 501 ὑπερ-

173 530 252 604 οχῆς
274 521 385 586 αὐτῶν
408 518 474 588 §mu

231 623 346 691 Ἔσται
370 627 471 692 πάλιν
495 627 616 711 ὁμοίως
639 627 657 692 6
680 622 742 710 μέν
763 630 882 710 μείζων
904 631 971 710 εν,
993 627 1011 693 6
1036 623 1074 692 δέ
1099 626 1197 693 ἐλάσ-

147 750 242 798 5σων
266 711 329 798 56.
375 736 494 799 λοιπόν
517 733 587 798 ἐστι
610 731 665 798 καλ
688 735 748 798 τὸν
769 732 833 798 ἀπὸ
856 743 916 799 τοῦ
940 732 1121 810 ἐλάσσονος
1144 757 1196 800 τε-

173 839 346 923 τράγωνον
373 848 429 922 τῆς
456 840 620 925 ὑπεροχῆς
647 840 758 905 αὐτῶν
786 834 872 904 εἶναι
900 837 970 906 §⁷¹³³
998 839 1056 903 ΔΥ
1079 843 1145 925 άρα
1173 851 1196 904 ᾶ

175 943 232 1013 5⁷¹²·
257 943 348 1011 ἐστὶν
370 931 434 1029 56.
1266 935 1267 940 ἵ

239 1053 347 1135 βάρα
369 1037 404 1136 ιδ
428 1058 494 1116 ίσοι
518 1050 583 1117 είσὶ
606 1051 701 1116 AY&
726 1052 745 1117 6
768 1054 832 1134 άρα
855 1069 874 1116 5
900 1055 989 1117 ἔσται
1012 1039 1057 1117 16
1062 1040 1106 1138 ιδ
1266 1093 1267 1122 ς

240 1160 331 1223 ἔσται
353 1159 418 1242 ἄρα
441 1158 459 1223 6
483 1154 544 1242 μὲν
568 1158 717 1223 ἐλάσσων
735 1143 831 1242 Μιδ,
854 1159 872 1224 6
896 1154 933 1224 δέ
956 1161 1075 1242 μείζων
1094 1145 1139 1222 Μ
1143 1147 1194 1228 ss.
1266 1155 1267 1234 f

133 1283 159 1321 10
173 1263 228 1329 καὶ
250 1273 384 1330 ποιοῦσι
407 1265 447 1329 τὰ
469 1273 527 1348 τῆς
548 1265 745 1348 προτάσεως.

241 1372 458 1455 [Πόρισμα]
502 1367 640 1455 Ὁμοίως
668 1367 705 1435 δέ
733 1372 789 1436 διδ
817 1381 883 1437 τῶν
911 1370 1023 1438 αὐτῶν
1052 1371 1194 1456 εὑρεθή-

172 1493 288 1541 σονται

239 1581 378 1668 ἀριθμοὶ
402 1584 465 1650 δύο
488 1583 526 1650 ἐν
548 1587 638 1673 λόγῳ
660 1593 706 1672 τῷ
732 1583 869 1649 δοθέντι
893 1584 980 1661 ὅπως
1002 1586 1021 1651 6
1045 1584 1194 1652 ἀπὸτοῦ

172 1692 322 1772 μείζονος
343 1691 549 1776 τετράγωνος
571 1693 654 1774 πρὸς
675 1692 736 1756 τὸν
755 1690 918 1756 ἐλάσσονα
937 1694 1039 1774 λόγον
1061 1694 1118 1778 ἐχῃ
1139 1694 1192 1757 δε-

132 1812 158 1852 15
173 1795 329 1879 δομένον,

131 1906 141 1921 “
215 1900 270 1967 καλ
298 1902 399 1968 πάλιν
427 1903 489 1968 δύο
518 1901 657 1987 άρνθμολ
685 1902 722 1968 ἐν
750 1906 838 1992 λόγῳ
866 1913 911 1992 τῷ
941 1903 1079 1970 δοθέντι
1102 1905 1193 1982 ὅπως

171 2007 189 2073 6
213 2007 277 2074 άπὸ
300 2019 361 2075 τοῦ
384 2012 533 2093 μείζονος
555 2011 638 2092 πρὸς
657 2010 759 2074 αὐτὸν
780 2012 839 2075 τὸν
859 2013 998 2101 μείζονα
1011 2015 1115 2095 λόγον
1134 2015 1191 2099 έχῃ

172 2113 367 2199 δεδομένον,

237 2219 292 2286 καλ
315 2221 438 2304 ὁμοίως
461 2221 524 2286 δύο
547 2218 686 2304 ἀριθμοὶ
711 2221 747 2287 ἐν
765 2225 853 2312 λόγῳ
877 2231 923 2310 τῷ
945 2221 1083 2290 δοθέντι
1102 2225 1191 2303 ὅπως
1265 2269 1267 2276 1

131 2343 156 2382 εν
170 2325 226 2390 καὶ
249 2327 267 2393 6
291 2326 355 2393 άπὸ
379 2337 439 2393 τοῦ
461 2330 610 2410 μείζονος
627 2329 710 2412 πρὸς
733 2332 987 2415 συναμφότερον
1010 2333 1112 2413 λόγον
1133 2335 1190 2417 ἐχῃ

171 2431 365 2516 δεδομένον,

237 2538 292 2603 καὶ
321 2541 369 2604 ἐτι
397 2540 459 2605 δύο
489 2538 629 2624 ἀριθμοὶ
662 2539 699 2605 έν
731 2544 820 2627 λόγῳ
852 2552 897 2629 τῷ
932 2543 1069 2608 δοθέντι
1102 2545 1190 2623 ὅπως

170 2643 225 2709 καὶ
253 2645 271 2710 6
304 2644 368 2710 άπὸ
396 2656 456 2710 τοῦ
484 2649 633 2729 μείζονος
660 2647 865 2733 τετράγωνος
891 2652 975 2733 πρὸς
1001 2651 1063 2734 τὴν
1090 2651 1189 2734 ὑπερ-

172 2752 254 2835 οχὴν
278 2750 388 2816 αὐτῶν
411 2754 513 2834 λόγον
537 2754 594 2838 ἔχῃ
619 2751 809 2837 δεδομένον.
935 2786 938 2791 ·

129 2999 155 3038 νε
650 2987 704 3048 λθ.

236 3102 325 3170 Λοσὶ
345 3107 498 3170 δοθεῖσιν
517 3105 673 3190 ἀριθμοῖς
690 3120 888 3194 προσευρεῖν
906 3109 1021 3191 ἕτερον
1039 3109 1187 3197 άριθμδν

169 3211 257 3286 ὅπως
279 3223 346 3277 τῶν
369 3223 472 3295 τριῶν
496 3211 695 3298 ἐκκειμένων
718 3217 781 3280 σὺν
806 3216 868 3280 δύο
891 3215 1110 3295 συντεθέντες
1132 3217 1187 3284 καὶ

240 3434 361 3494 Ῑέλάττ.
382 3439 413 3509 Β,
433 3439 523 3495 ἐλάσσ.
544 3441 627 3497 ΑΒσ.
710 3439 815 3496 4ἐστω
833 3443 889 3498 Ba.
976 3445 1060 3499 ὁκαὶ
1079 3462 1133 3500 om.
1153 3448 1184 3503 A.

204 3516 218 3563 7
240 3509 297 3564 ἐστὶ
315 3511 369 3566 Βα.
445 3518 475 3565 11
497 3509 627 3581 Πόρισμα
645 3528 699 3567 om.
718 3513 802 3568 ABa.
