<?xml version="1.0" encoding="UTF-8"?>
<!DOCTYPE html PUBLIC "-//W3C//DTD XHTML 1.0 Transitional//EN"
    "http://www.w3.org/TR/xhtml1/DTD/xhtml1-transitional.dtd">
<html xmlns="http://www.w3.org/1999/xhtml" xml:lang="en" lang="en">
 <head>
  <title>
</title>
<meta http-equiv="Content-Type" content="text/html;charset=utf-8" />
  <meta name='ocr-system' content='tesseract 3.04.00' />
  <meta name='ocr-capabilities' content='ocr_page ocr_carea ocr_par ocr_line ocrx_word'/>
</head>
<body>
  <div class='ocr_page' id='page_1' title='image "./diophantialexan02diopgoog_0390.png"; bbox 0 0 2552 3980; ppageno 0'>
   <div class='ocr_carea' id='block_1_1' title="bbox 143 212 799 279">
    <p class='ocr_par' dir='ltr' id='par_1_1' title="bbox 143 212 799 279">
     <span class='ocr_line' id='line_1_1' title="bbox 143 212 799 279; baseline 0 -14"><span class='ocrx_word' id='word_1_1' title='bbox 143 213 209 279; x_wconf 73' lang='lat'><strong><em>376</em></strong></span> <span class='ocrx_word' id='word_1_2' title='bbox 495 212 749 266; x_wconf 69' lang='grc' dir='ltr'><strong>ΑΡΙΘΜΗΤΙΚΩΝ</strong></span> <span class='ocrx_word' id='word_1_3' title='bbox 767 215 799 265; x_wconf 79' lang='lat' dir='ltr'><strong><em>E.</em></strong></span> 
     </span>
    </p>
   </div>
   <div class='ocr_carea' id='block_1_2' title="bbox 628 410 678 474">
    <p class='ocr_par' dir='ltr' id='par_1_2' title="bbox 628 410 678 474">
     <span class='ocr_line' id='line_1_2' title="bbox 628 410 678 474; baseline 0 0"><span class='ocrx_word' id='word_1_4' title='bbox 628 410 678 474; x_wconf 89' lang='grc' dir='ltr'><strong><em>κδ.</em></strong></span> 
     </span>
    </p>
   </div>
   <div class='ocr_carea' id='block_1_3' title="bbox 117 533 1169 1364">
    <p class='ocr_par' dir='ltr' id='par_1_3' title="bbox 117 533 1169 1364">
     <span class='ocr_line' id='line_1_3' title="bbox 211 533 1168 621; baseline -0.001 -23"><span class='ocrx_word' id='word_1_5' title='bbox 211 534 336 621; x_wconf 79' lang='grc' dir='ltr'><strong><em>Εὑρεῖν</em></strong></span> <span class='ocrx_word' id='word_1_6' title='bbox 358 545 446 621; x_wconf 94' lang='grc' dir='ltr'><strong><em>τρεῖς</em></strong></span> <span class='ocrx_word' id='word_1_7' title='bbox 463 534 691 620; x_wconf 80' lang='grc' dir='ltr'><strong><em>τετραγώνους</em></strong></span> <span class='ocrx_word' id='word_1_8' title='bbox 709 534 797 610; x_wconf 74' lang='grc' dir='ltr'><strong><em>ὅπως</em></strong></span> <span class='ocrx_word' id='word_1_9' title='bbox 815 533 834 599; x_wconf 94' lang='lat'>6</span> <span class='ocrx_word' id='word_1_10' title='bbox 851 533 917 598; x_wconf 81' lang='grc' dir='ltr'><strong><em>ὑπὸ</em></strong></span> <span class='ocrx_word' id='word_1_11' title='bbox 937 533 998 598; x_wconf 87' lang='grc' dir='ltr'><strong><em>δύο</em></strong></span> <span class='ocrx_word' id='word_1_12' title='bbox 1023 533 1168 598; x_wconf 78' lang='grc' dir='ltr'><strong><em>ὁποιων-</em></strong></span> 
     </span>
     <span class='ocr_line' id='line_1_4' title="bbox 145 640 1029 727; baseline -0.006 -19"><span class='ocrx_word' id='word_1_13' title='bbox 145 652 208 708; x_wconf 93' lang='grc' dir='ltr'><strong><em>οῦν</em></strong></span> <span class='ocrx_word' id='word_1_14' title='bbox 231 643 432 727; x_wconf 79' lang='grc' dir='ltr'><strong><em>προσλαβὼν</em></strong></span> <span class='ocrx_word' id='word_1_15' title='bbox 456 640 586 725; x_wconf 93' lang='grc' dir='ltr'><strong><em>μονάδα</em></strong></span> <span class='ocrx_word' id='word_1_16' title='bbox 609 642 689 724; x_wconf 85' lang='grc' dir='ltr'><strong><em>μίαν</em></strong></span> <span class='ocrx_word' id='word_1_17' title='bbox 711 648 790 725; x_wconf 77' lang='grc' dir='ltr'><strong><em>ποιῇ</em></strong></span> <span class='ocrx_word' id='word_1_18' title='bbox 813 640 1029 724; x_wconf 87' lang='grc' dir='ltr'><strong><em>τετράγωνον.</em></strong></span> 
     </span>
     <span class='ocr_line' id='line_1_5' title="bbox 212 731 1167 830; baseline -0.002 -18"><span class='ocrx_word' id='word_1_19' title='bbox 212 745 278 812; x_wconf 80' lang='grc' dir='ltr'><strong><em>Καὶ</em></strong></span> <span class='ocrx_word' id='word_1_20' title='bbox 301 747 371 813; x_wconf 77' lang='grc' dir='ltr'><strong><em>ἐπεὶ</em></strong></span> <span class='ocrx_word' id='word_1_21' title='bbox 395 751 477 830; x_wconf 77' lang='grc' dir='ltr'><strong><em>ζητῶ</em></strong></span> <span class='ocrx_word' id='word_1_22' title='bbox 500 748 559 812; x_wconf 88' lang='grc' dir='ltr'><strong><em>τὸν</em></strong></span> <span class='ocrx_word' id='word_1_23' title='bbox 583 747 648 812; x_wconf 88' lang='grc' dir='ltr'><strong><em>ὑτὸ</em></strong></span> <span class='ocrx_word' id='word_1_24' title='bbox 672 755 722 810; x_wconf 81' lang='grc' dir='ltr'><strong><em>αοο</em></strong></span> <span class='ocrx_word' id='word_1_25' title='bbox 739 743 795 811; x_wconf 80' lang='grc' dir='ltr'><strong><em>καὶ</em></strong></span> <span class='ocrx_word' id='word_1_26' title='bbox 817 749 868 830; x_wconf 82' lang='grc' dir='ltr'><strong><em>βοο</em></strong></span> <span class='ocrx_word' id='word_1_27' title='bbox 891 746 970 830; x_wconf 87' lang='grc' dir='ltr'><strong><em>μετά</em></strong></span> <span class='ocrx_word' id='word_1_28' title='bbox 994 731 1063 809; x_wconf 63' lang='lat' dir='ltr'><strong><em>Ma</em></strong></span> <span class='ocrx_word' id='word_1_29' title='bbox 1091 769 1167 810; x_wconf 89' lang='grc' dir='ltr'><strong><em>ποι-</em></strong></span> 
     </span>
     <span class='ocr_line' id='line_1_6' title="bbox 117 851 1168 938; baseline -0.003 -19"><span class='ocrx_word' id='word_1_30' title='bbox 117 865 196 920; x_wconf 84' lang='grc' dir='ltr'><strong><em>εεῖν</em></strong></span> <span class='ocrx_word' id='word_1_31' title='bbox 221 858 292 938; x_wconf 74' lang='grc' dir='ltr'><strong><em>Εοο,</em></strong></span> <span class='ocrx_word' id='word_1_32' title='bbox 314 855 421 919; x_wconf 82' lang='grc' dir='ltr'><strong><em>πάντα</em></strong></span> <span class='ocrx_word' id='word_1_33' title='bbox 444 851 498 919; x_wconf 80' lang='grc' dir='ltr'><strong><em>ἐπὶ</em></strong></span> <span class='ocrx_word' id='word_1_34' title='bbox 520 855 580 918; x_wconf 89' lang='grc' dir='ltr'><strong><em>τὸν</em></strong></span> <span class='ocrx_word' id='word_1_35' title='bbox 602 862 650 936; x_wconf 75' lang='grc' dir='ltr'><strong><em>γοο</em></strong></span> <span class='ocrx_word' id='word_1_36' title='bbox 669 853 749 917; x_wconf 82' lang='grc' dir='ltr'><strong><em>ὄντα</em></strong></span> <span class='ocrx_word' id='word_1_37' title='bbox 772 855 845 917; x_wconf 76' lang='grc' dir='ltr'><strong><em>Ποο·</em></strong></span> <span class='ocrx_word' id='word_1_38' title='bbox 869 853 951 917; x_wconf 82' lang='grc' dir='ltr'><strong><em>ὥστε</em></strong></span> <span class='ocrx_word' id='word_1_39' title='bbox 976 853 1086 936; x_wconf 76' lang='grc' dir='ltr'><strong><em>δεήσει</em></strong></span> <span class='ocrx_word' id='word_1_40' title='bbox 1104 853 1168 917; x_wconf 85' lang='grc' dir='ltr'><strong><em>τὸν</em></strong></span> 
     </span>
     <span class='ocr_line' id='line_1_7' title="bbox 144 956 1169 1043; baseline -0.002 -17"><span class='ocrx_word' id='word_1_41' title='bbox 144 961 209 1027; x_wconf 84' lang='grc' dir='ltr'><strong><em>ὑπὸ</em></strong></span> <span class='ocrx_word' id='word_1_42' title='bbox 238 971 288 1026; x_wconf 85' lang='grc' dir='ltr'><strong><em>αοο</em></strong></span> <span class='ocrx_word' id='word_1_43' title='bbox 310 959 366 1026; x_wconf 80' lang='grc' dir='ltr'><strong><em>καὶ</em></strong></span> <span class='ocrx_word' id='word_1_44' title='bbox 394 962 445 1043; x_wconf 84' lang='grc' dir='ltr'><strong><em>βοο</em></strong></span> <span class='ocrx_word' id='word_1_45' title='bbox 467 957 543 1043; x_wconf 80' lang='grc' dir='ltr'><strong><em>&lt;ἐτὶ</em></strong></span> <span class='ocrx_word' id='word_1_46' title='bbox 571 959 630 1025; x_wconf 91' lang='grc' dir='ltr'><strong><em>τὸν</em></strong></span> <span class='ocrx_word' id='word_1_47' title='bbox 657 959 743 1043; x_wconf 73' lang='grc' dir='ltr'><strong><em>γοο&gt;,</em></strong></span> <span class='ocrx_word' id='word_1_48' title='bbox 771 956 919 1024; x_wconf 79' lang='grc' dir='ltr'><strong><em>τουτέστι</em></strong></span> <span class='ocrx_word' id='word_1_49' title='bbox 947 961 1005 1025; x_wconf 89' lang='grc' dir='ltr'><strong><em>τὸν</em></strong></span> <span class='ocrx_word' id='word_1_50' title='bbox 1033 957 1069 1023; x_wconf 88' lang='grc' dir='ltr'><strong><em>έιι</em></strong></span> <span class='ocrx_word' id='word_1_51' title='bbox 1097 969 1169 1024; x_wconf 88' lang='grc' dir='ltr'><strong><em>τῶν</em></strong></span> 
     </span>
     <span class='ocr_line' id='line_1_8' title="bbox 145 1062 1169 1152; baseline 0 -22"><span class='ocrx_word' id='word_1_52' title='bbox 145 1078 247 1152; x_wconf 81' lang='grc' dir='ltr'><strong><em>τριῶν</em></strong></span> <span class='ocrx_word' id='word_1_53' title='bbox 266 1069 411 1150; x_wconf 88' lang='grc' dir='ltr'><strong><em>στερεόν,</em></strong></span> <span class='ocrx_word' id='word_1_54' title='bbox 429 1066 509 1149; x_wconf 80' lang='grc' dir='ltr'><strong><em>μετὰ</em></strong></span> <span class='ocrx_word' id='word_1_55' title='bbox 527 1074 588 1130; x_wconf 92' lang='grc' dir='ltr'><strong><em>τοῦ</em></strong></span> <span class='ocrx_word' id='word_1_56' title='bbox 606 1075 667 1148; x_wconf 84' lang='grc' dir='ltr'><strong><em>γοο,</em></strong></span> <span class='ocrx_word' id='word_1_57' title='bbox 690 1075 800 1131; x_wconf 78' lang='grc' dir='ltr'><strong><em>ποιεῖν</em></strong></span> <span class='ocrx_word' id='word_1_58' title='bbox 814 1064 930 1148; x_wconf 86' lang='grc' dir='ltr'><strong><em>&lt;[]οο&gt;,</em></strong></span> <span class='ocrx_word' id='word_1_59' title='bbox 949 1064 993 1141; x_wconf 86' lang='grc' dir='ltr'><strong><em>ώς</em></strong></span> <span class='ocrx_word' id='word_1_60' title='bbox 1011 1062 1065 1129; x_wconf 80' lang='grc' dir='ltr'><strong><em>καὶ</em></strong></span> <span class='ocrx_word' id='word_1_61' title='bbox 1084 1066 1169 1148; x_wconf 78' lang='grc' dir='ltr'><strong><em>μετὰ</em></strong></span> 
     </span>
     <span class='ocr_line' id='line_1_9' title="bbox 144 1171 1169 1256; baseline -0.002 -19"><span class='ocrx_word' id='word_1_62' title='bbox 144 1181 206 1238; x_wconf 90' lang='grc' dir='ltr'><strong><em>τοῦ</em></strong></span> <span class='ocrx_word' id='word_1_63' title='bbox 229 1184 279 1237; x_wconf 83' lang='grc' dir='ltr'><strong><em>αοο</em></strong></span> <span class='ocrx_word' id='word_1_64' title='bbox 296 1171 350 1238; x_wconf 81' lang='grc' dir='ltr'><strong><em>καὶ</em></strong></span> <span class='ocrx_word' id='word_1_65' title='bbox 370 1173 474 1256; x_wconf 88' lang='grc' dir='ltr'><strong><em>&lt;τοῦ&gt;</em></strong></span> <span class='ocrx_word' id='word_1_66' title='bbox 493 1174 552 1255; x_wconf 79' lang='grc' dir='ltr'><strong><em>βοο.</em></strong></span> <span class='ocrx_word' id='word_1_67' title='bbox 596 1179 694 1237; x_wconf 89' lang='grc' dir='ltr'><strong><em>τοῦτο</em></strong></span> <span class='ocrx_word' id='word_1_68' title='bbox 719 1173 781 1256; x_wconf 86' lang='grc' dir='ltr'><strong><em>γὰρ</em></strong></span> <span class='ocrx_word' id='word_1_69' title='bbox 805 1171 1055 1256; x_wconf 81' lang='grc' dir='ltr'><strong><em>τροεδείξαμεν·</em></strong></span> <span class='ocrx_word' id='word_1_70' title='bbox 1081 1172 1169 1236; x_wconf 88' lang='grc' dir='ltr'><strong><em>ώστε</em></strong></span> 
     </span>
     <span class='ocr_line' id='line_1_10' title="bbox 147 1275 1058 1364; baseline -0.002 -20"><span class='ocrx_word' id='word_1_71' title='bbox 147 1278 267 1346; x_wconf 79' lang='grc' dir='ltr'><strong><em>ἐκεῖνοι</em></strong></span> <span class='ocrx_word' id='word_1_72' title='bbox 291 1280 327 1344; x_wconf 78' lang='grc' dir='ltr'><strong><em>οῖ</em></strong></span> <span class='ocrx_word' id='word_1_73' title='bbox 347 1275 486 1364; x_wconf 69' lang='grc' dir='ltr'><strong><em>ἀριθμοὶ</em></strong></span> <span class='ocrx_word' id='word_1_74' title='bbox 509 1287 643 1343; x_wconf 79' lang='grc' dir='ltr'><strong><em>ποιοῦσι</em></strong></span> <span class='ocrx_word' id='word_1_75' title='bbox 666 1275 721 1342; x_wconf 81' lang='grc' dir='ltr'><strong><em>καὶ</em></strong></span> <span class='ocrx_word' id='word_1_76' title='bbox 746 1286 843 1342; x_wconf 91' lang='grc' dir='ltr'><strong><em>τοῦτο</em></strong></span> <span class='ocrx_word' id='word_1_77' title='bbox 867 1279 904 1342; x_wconf 91' lang='grc' dir='ltr'><strong><em>τὸ</em></strong></span> <span class='ocrx_word' id='word_1_78' title='bbox 929 1280 1058 1361; x_wconf 80' lang='grc' dir='ltr'><strong><em>ζήτημα.</em></strong></span> 
     </span>
    </p>
   </div>
   <div class='ocr_carea' id='block_1_4' title="bbox 106 1529 1171 2035">
    <p class='ocr_par' dir='ltr' id='par_1_4' title="bbox 106 1529 1170 1717">
     <span class='ocr_line' id='line_1_11' title="bbox 106 1529 677 1572; baseline -0.002 -1"><span class='ocrx_word' id='word_1_79' title='bbox 106 1531 131 1572; x_wconf 81' lang='grc' dir='ltr'><strong><em>ιο</em></strong></span> <span class='ocrx_word' id='word_1_80' title='bbox 632 1529 677 1571; x_wconf 87' lang='grc' dir='ltr'><strong><em>ιιε.</em></strong></span> 
     </span>
     <span class='ocr_line' id='line_1_12' title="bbox 212 1629 1170 1717; baseline 0 -20"><span class='ocrx_word' id='word_1_81' title='bbox 212 1631 337 1716; x_wconf 77' lang='grc' dir='ltr'><strong><em>Εὑρεῖν</em></strong></span> <span class='ocrx_word' id='word_1_82' title='bbox 355 1642 443 1717; x_wconf 80' lang='grc' dir='ltr'><strong><em>τρεῖς</em></strong></span> <span class='ocrx_word' id='word_1_83' title='bbox 461 1631 688 1716; x_wconf 80' lang='grc' dir='ltr'><strong><em>τετραγώνους</em></strong></span> <span class='ocrx_word' id='word_1_84' title='bbox 706 1629 795 1707; x_wconf 82' lang='grc' dir='ltr'><strong><em>ὅπως</em></strong></span> <span class='ocrx_word' id='word_1_85' title='bbox 817 1631 836 1697; x_wconf 92' lang='lat'>6</span> <span class='ocrx_word' id='word_1_86' title='bbox 855 1629 921 1696; x_wconf 79' lang='grc' dir='ltr'><strong><em>ὑπὸ</em></strong></span> <span class='ocrx_word' id='word_1_87' title='bbox 941 1631 1003 1697; x_wconf 87' lang='grc' dir='ltr'><strong><em>δύο</em></strong></span> <span class='ocrx_word' id='word_1_88' title='bbox 1023 1630 1170 1698; x_wconf 77' lang='grc' dir='ltr'><strong><em>ὁποιων-</em></strong></span> 
     </span>
    </p>

    <p class='ocr_par' dir='ltr' id='par_1_5' title="bbox 145 1736 1171 2035">
     <span class='ocr_line' id='line_1_13' title="bbox 146 1736 942 1823; baseline -0.003 -19"><span class='ocrx_word' id='word_1_89' title='bbox 146 1749 208 1804; x_wconf 89' lang='grc' dir='ltr'><strong><em>οῦν</em></strong></span> <span class='ocrx_word' id='word_1_90' title='bbox 232 1740 347 1816; x_wconf 78' lang='grc' dir='ltr'><strong><em>λείιγας</em></strong></span> <span class='ocrx_word' id='word_1_91' title='bbox 369 1736 499 1822; x_wconf 80' lang='grc' dir='ltr'><strong><em>μονάδα</em></strong></span> <span class='ocrx_word' id='word_1_92' title='bbox 522 1740 602 1821; x_wconf 82' lang='grc' dir='ltr'><strong><em>μίαν</em></strong></span> <span class='ocrx_word' id='word_1_93' title='bbox 624 1745 703 1822; x_wconf 68' lang='grc' dir='ltr'><strong><em>ποιῇ</em></strong></span> <span class='ocrx_word' id='word_1_94' title='bbox 725 1736 942 1823; x_wconf 82' lang='grc' dir='ltr'><strong><em>τετράγωνον,</em></strong></span> 
     </span>
     <span class='ocr_line' id='line_1_14' title="bbox 212 1840 1170 1929; baseline 0.002 -21"><span class='ocrx_word' id='word_1_95' title='bbox 212 1844 319 1908; x_wconf 83' lang='grc' dir='ltr'><strong><em>πάντα</em></strong></span> <span class='ocrx_word' id='word_1_96' title='bbox 346 1840 400 1907; x_wconf 78' lang='grc' dir='ltr'><strong><em>ἐπὶ</em></strong></span> <span class='ocrx_word' id='word_1_97' title='bbox 427 1843 485 1907; x_wconf 90' lang='grc' dir='ltr'><strong><em>τὸν</em></strong></span> <span class='ocrx_word' id='word_1_98' title='bbox 514 1852 574 1923; x_wconf 82' lang='grc' dir='ltr'><strong><em>γοο·</em></strong></span> <span class='ocrx_word' id='word_1_99' title='bbox 608 1843 690 1908; x_wconf 88' lang='grc' dir='ltr'><strong><em>ώστε</em></strong></span> <span class='ocrx_word' id='word_1_100' title='bbox 717 1844 755 1907; x_wconf 86' lang='grc' dir='ltr'><strong><em>τὸ</em></strong></span> <span class='ocrx_word' id='word_1_101' title='bbox 783 1841 848 1908; x_wconf 81' lang='grc' dir='ltr'><strong><em>ὑπὸ</em></strong></span> <span class='ocrx_word' id='word_1_102' title='bbox 876 1852 925 1907; x_wconf 83' lang='grc' dir='ltr'><strong><em>αοο</em></strong></span> <span class='ocrx_word' id='word_1_103' title='bbox 951 1841 1007 1908; x_wconf 83' lang='grc' dir='ltr'><strong><em>καὶ</em></strong></span> <span class='ocrx_word' id='word_1_104' title='bbox 1034 1848 1086 1929; x_wconf 82' lang='grc' dir='ltr'><strong><em>βοο</em></strong></span> <span class='ocrx_word' id='word_1_105' title='bbox 1114 1843 1170 1910; x_wconf 79' lang='grc' dir='ltr'><strong><em>ἐπὶ</em></strong></span> 
     </span>
     <span class='ocr_line' id='line_1_15' title="bbox 145 1946 1171 2035; baseline 0.002 -20"><span class='ocrx_word' id='word_1_106' title='bbox 145 1953 205 2016; x_wconf 92' lang='grc' dir='ltr'><strong><em>τὸν</em></strong></span> <span class='ocrx_word' id='word_1_107' title='bbox 229 1961 288 2034; x_wconf 75' lang='grc' dir='ltr'><strong><em>γοο,</em></strong></span> <span class='ocrx_word' id='word_1_108' title='bbox 310 1947 480 2016; x_wconf 80' lang='grc' dir='ltr'><strong><em>τουτέστιν</em></strong></span> <span class='ocrx_word' id='word_1_109' title='bbox 504 1948 522 2014; x_wconf 98' lang='lat'>6</span> <span class='ocrx_word' id='word_1_110' title='bbox 546 1946 581 2013; x_wconf 84' lang='grc' dir='ltr'><strong><em>έιι</em></strong></span> <span class='ocrx_word' id='word_1_111' title='bbox 600 1959 666 2014; x_wconf 90' lang='grc' dir='ltr'><strong><em>τῶν</em></strong></span> <span class='ocrx_word' id='word_1_112' title='bbox 685 1959 787 2034; x_wconf 82' lang='grc' dir='ltr'><strong><em>τριῶν</em></strong></span> <span class='ocrx_word' id='word_1_113' title='bbox 808 1953 949 2035; x_wconf 80' lang='grc' dir='ltr'><strong><em>στερεός,</em></strong></span> <span class='ocrx_word' id='word_1_114' title='bbox 973 1953 1089 2029; x_wconf 80' lang='grc' dir='ltr'><strong><em>λείῦας</em></strong></span> <span class='ocrx_word' id='word_1_115' title='bbox 1108 1953 1171 2017; x_wconf 92' lang='grc' dir='ltr'><strong><em>τὸν</em></strong></span> 
     </span>
    </p>
   </div>
   <div class='ocr_carea' id='block_1_5' title="bbox 106 2051 1171 2440">
    <p class='ocr_par' dir='ltr' id='par_1_6' title="bbox 106 2051 1171 2440">
     <span class='ocr_line' id='line_1_16' title="bbox 106 2051 1170 2140; baseline 0.006 -22"><span class='ocrx_word' id='word_1_116' title='bbox 106 2078 132 2118; x_wconf 83' lang='lat'><strong><em>15</em></strong></span> <span class='ocrx_word' id='word_1_117' title='bbox 146 2067 204 2140; x_wconf 81' lang='grc' dir='ltr'><strong><em>γοο,</em></strong></span> <span class='ocrx_word' id='word_1_118' title='bbox 227 2066 318 2122; x_wconf 86' lang='grc' dir='ltr'><strong><em>ποιεῖ</em></strong></span> <span class='ocrx_word' id='word_1_119' title='bbox 339 2059 412 2121; x_wconf 76' lang='grc' dir='ltr'><strong><em>Ποο·</em></strong></span> <span class='ocrx_word' id='word_1_120' title='bbox 441 2056 524 2119; x_wconf 78' lang='grc' dir='ltr'><strong><em>ὥστε</em></strong></span> <span class='ocrx_word' id='word_1_121' title='bbox 552 2051 607 2118; x_wconf 81' lang='grc' dir='ltr'><strong><em>καὶ</em></strong></span> <span class='ocrx_word' id='word_1_122' title='bbox 636 2051 790 2140; x_wconf 84' lang='grc' dir='ltr'><strong><em>ἑκάτερον</em></strong></span> <span class='ocrx_word' id='word_1_123' title='bbox 818 2058 876 2120; x_wconf 87' lang='grc' dir='ltr'><strong><em>τόν</em></strong></span> <span class='ocrx_word' id='word_1_124' title='bbox 899 2078 934 2121; x_wconf 92' lang='grc' dir='ltr'><strong><em>τε</em></strong></span> <span class='ocrx_word' id='word_1_125' title='bbox 958 2065 1006 2120; x_wconf 74' lang='grc' dir='ltr'><strong><em>αοο</em></strong></span> <span class='ocrx_word' id='word_1_126' title='bbox 1029 2055 1084 2122; x_wconf 74' lang='grc' dir='ltr'><strong><em>καὶ</em></strong></span> <span class='ocrx_word' id='word_1_127' title='bbox 1107 2060 1170 2124; x_wconf 89' lang='grc' dir='ltr'><strong><em>τὸν</em></strong></span> 
     </span>
     <span class='ocr_line' id='line_1_17' title="bbox 146 2158 1171 2246; baseline 0.005 -21"><span class='ocrx_word' id='word_1_128' title='bbox 146 2165 195 2246; x_wconf 81' lang='grc' dir='ltr'><strong><em>βοο</em></strong></span> <span class='ocrx_word' id='word_1_129' title='bbox 218 2165 333 2239; x_wconf 80' lang='grc' dir='ltr'><strong><em>λείψας</em></strong></span> <span class='ocrx_word' id='word_1_130' title='bbox 357 2160 375 2225; x_wconf 92' lang='lat'>6</span> <span class='ocrx_word' id='word_1_131' title='bbox 403 2158 438 2224; x_wconf 83' lang='grc' dir='ltr'><strong><em>έν</em></strong></span> <span class='ocrx_word' id='word_1_132' title='bbox 465 2170 532 2224; x_wconf 90' lang='grc' dir='ltr'><strong><em>τῶν</em></strong></span> <span class='ocrx_word' id='word_1_133' title='bbox 560 2170 662 2244; x_wconf 81' lang='grc' dir='ltr'><strong><em>τριῶν</em></strong></span> <span class='ocrx_word' id='word_1_134' title='bbox 686 2162 818 2245; x_wconf 86' lang='grc' dir='ltr'><strong><em>στερεὸς</em></strong></span> <span class='ocrx_word' id='word_1_135' title='bbox 840 2172 931 2226; x_wconf 83' lang='grc' dir='ltr'><strong><em>ποιεῖ</em></strong></span> <span class='ocrx_word' id='word_1_136' title='bbox 953 2164 1021 2227; x_wconf 74' lang='grc' dir='ltr'><strong><em>Ποο.</em></strong></span> <span class='ocrx_word' id='word_1_137' title='bbox 1067 2173 1171 2230; x_wconf 90' lang='grc' dir='ltr'><strong><em>τοῦτο</em></strong></span> 
     </span>
     <span class='ocr_line' id='line_1_18' title="bbox 147 2260 1171 2352; baseline 0.001 -19"><span class='ocrx_word' id='word_1_138' title='bbox 147 2264 184 2333; x_wconf 69' lang='grc' dir='ltr'><strong><em>δὲ</em></strong></span> <span class='ocrx_word' id='word_1_139' title='bbox 212 2265 454 2352; x_wconf 76' lang='grc' dir='ltr'><strong><em>προδέδεικται·</em></strong></span> <span class='ocrx_word' id='word_1_140' title='bbox 483 2263 604 2332; x_wconf 81' lang='grc' dir='ltr'><strong><em>ἐκεῖνοι</em></strong></span> <span class='ocrx_word' id='word_1_141' title='bbox 631 2260 695 2331; x_wconf 85' lang='grc' dir='ltr'><strong><em>οὖν</em></strong></span> <span class='ocrx_word' id='word_1_142' title='bbox 723 2267 760 2332; x_wconf 79' lang='lat' dir='ltr'><strong><em>oc</em></strong></span> <span class='ocrx_word' id='word_1_143' title='bbox 783 2265 922 2352; x_wconf 76' lang='grc' dir='ltr'><strong><em>άρνδμοὶ</em></strong></span> <span class='ocrx_word' id='word_1_144' title='bbox 948 2278 1084 2334; x_wconf 83' lang='grc' dir='ltr'><strong><em>τοιοῦσι</em></strong></span> <span class='ocrx_word' id='word_1_145' title='bbox 1112 2270 1171 2334; x_wconf 79' lang='grc' dir='ltr'><strong><em>καὶ</em></strong></span> 
     </span>
     <span class='ocr_line' id='line_1_19' title="bbox 145 2383 253 2440; baseline -0.028 0"><span class='ocrx_word' id='word_1_146' title='bbox 145 2383 253 2440; x_wconf 91' lang='grc' dir='ltr'><strong><em>τοῦτο.</em></strong></span> 
     </span>
    </p>
   </div>
   <div class='ocr_carea' id='block_1_6' title="bbox 630 2530 680 2582">
    <p class='ocr_par' dir='ltr' id='par_1_7' title="bbox 630 2530 680 2582">
     <span class='ocr_line' id='line_1_20' title="bbox 630 2530 680 2582; baseline 0 -2"><span class='ocrx_word' id='word_1_147' title='bbox 630 2530 680 2582; x_wconf 70' lang='grc' dir='ltr'><strong><em>κς.</em></strong></span> 
     </span>
    </p>
   </div>
   <div class='ocr_carea' id='block_1_7' title="bbox 106 2637 1170 3151">
    <p class='ocr_par' dir='ltr' id='par_1_8' title="bbox 106 2637 1170 2832">
     <span class='ocr_line' id='line_1_21' title="bbox 106 2637 1170 2724; baseline 0.005 -24"><span class='ocrx_word' id='word_1_148' title='bbox 106 2661 134 2701; x_wconf 74' lang='grc' dir='ltr'><strong><em>ιο</em></strong></span> <span class='ocrx_word' id='word_1_149' title='bbox 213 2639 338 2721; x_wconf 75' lang='grc' dir='ltr'><strong><em>Εὑρεῖν</em></strong></span> <span class='ocrx_word' id='word_1_150' title='bbox 361 2649 449 2724; x_wconf 89' lang='grc' dir='ltr'><strong><em>τρεῖς</em></strong></span> <span class='ocrx_word' id='word_1_151' title='bbox 474 2639 701 2724; x_wconf 82' lang='grc' dir='ltr'><strong><em>τετραγώνους</em></strong></span> <span class='ocrx_word' id='word_1_152' title='bbox 718 2637 806 2716; x_wconf 82' lang='grc' dir='ltr'><strong><em>ὅπως</em></strong></span> <span class='ocrx_word' id='word_1_153' title='bbox 824 2638 842 2703; x_wconf 92' lang='lat'>6</span> <span class='ocrx_word' id='word_1_154' title='bbox 860 2639 926 2704; x_wconf 81' lang='grc' dir='ltr'><strong><em>ὑπὸ</em></strong></span> <span class='ocrx_word' id='word_1_155' title='bbox 946 2639 1009 2704; x_wconf 87' lang='grc' dir='ltr'><strong><em>δύο</em></strong></span> <span class='ocrx_word' id='word_1_156' title='bbox 1025 2639 1170 2705; x_wconf 80' lang='grc' dir='ltr'><strong><em>ὁποιων-</em></strong></span> 
     </span>
     <span class='ocr_line' id='line_1_22' title="bbox 148 2742 1122 2832; baseline -0.002 -19"><span class='ocrx_word' id='word_1_157' title='bbox 148 2755 210 2813; x_wconf 86' lang='grc' dir='ltr'><strong><em>οῦν</em></strong></span> <span class='ocrx_word' id='word_1_158' title='bbox 233 2742 428 2832; x_wconf 75' lang='grc' dir='ltr'><strong><em>άφαιρεθεὶς</em></strong></span> <span class='ocrx_word' id='word_1_159' title='bbox 450 2743 515 2809; x_wconf 85' lang='grc' dir='ltr'><strong><em>άτὸ</em></strong></span> <span class='ocrx_word' id='word_1_160' title='bbox 539 2744 683 2829; x_wconf 80' lang='grc' dir='ltr'><strong><em>μονάδος</em></strong></span> <span class='ocrx_word' id='word_1_161' title='bbox 705 2753 782 2828; x_wconf 88' lang='grc' dir='ltr'><strong><em>μιάς</em></strong></span> <span class='ocrx_word' id='word_1_162' title='bbox 804 2753 883 2830; x_wconf 78' lang='grc' dir='ltr'><strong><em>ποιῇ</em></strong></span> <span class='ocrx_word' id='word_1_163' title='bbox 904 2745 1122 2831; x_wconf 85' lang='grc' dir='ltr'><strong><em>τετράγωνον.</em></strong></span> 
     </span>
    </p>

    <p class='ocr_par' dir='ltr' id='par_1_9' title="bbox 209 2851 1170 2938">
     <span class='ocr_line' id='line_1_23' title="bbox 209 2851 1170 2938; baseline 0.004 -22"><span class='ocrx_word' id='word_1_164' title='bbox 209 2852 332 2936; x_wconf 80' lang='grc' dir='ltr'><strong><em>Πάλιν,</em></strong></span> <span class='ocrx_word' id='word_1_165' title='bbox 346 2855 516 2937; x_wconf 77' lang='grc' dir='ltr'><strong><em>ζητοῦντες</em></strong></span> <span class='ocrx_word' id='word_1_166' title='bbox 525 2853 584 2917; x_wconf 91' lang='grc' dir='ltr'><strong><em>τὸν</em></strong></span> <span class='ocrx_word' id='word_1_167' title='bbox 593 2852 659 2917; x_wconf 81' lang='grc' dir='ltr'><strong><em>ὑπὸ</em></strong></span> <span class='ocrx_word' id='word_1_168' title='bbox 670 2852 732 2918; x_wconf 87' lang='grc' dir='ltr'><strong><em>δύο</em></strong></span> <span class='ocrx_word' id='word_1_169' title='bbox 742 2852 933 2918; x_wconf 79' lang='grc' dir='ltr'><strong><em>ὁποιωνοῦν</em></strong></span> <span class='ocrx_word' id='word_1_170' title='bbox 943 2851 1092 2938; x_wconf 77' lang='grc' dir='ltr'><strong><em>ἀρθέντα</em></strong></span> <span class='ocrx_word' id='word_1_171' title='bbox 1101 2852 1170 2920; x_wconf 83' lang='grc' dir='ltr'><strong><em>άπὸ</em></strong></span> 
     </span>
    </p>

    <p class='ocr_par' dir='ltr' id='par_1_10' title="bbox 146 2947 1170 3045">
     <span class='ocr_line' id='line_1_24' title="bbox 146 2947 1170 3045; baseline 0.002 -22"><span class='ocrx_word' id='word_1_172' title='bbox 146 2947 217 3023; x_wconf 62' lang='lat' dir='ltr'><strong><em>M&amp;</em></strong></span> <span class='ocrx_word' id='word_1_173' title='bbox 244 2969 353 3025; x_wconf 80' lang='grc' dir='ltr'><strong><em>ποιεῖν</em></strong></span> <span class='ocrx_word' id='word_1_174' title='bbox 382 2961 454 3041; x_wconf 77' lang='grc' dir='ltr'><strong><em>[]οο,</em></strong></span> <span class='ocrx_word' id='word_1_175' title='bbox 486 2957 544 3023; x_wconf 89' lang='grc' dir='ltr'><strong><em>ε’διν</em></strong></span> <span class='ocrx_word' id='word_1_176' title='bbox 572 2959 679 3023; x_wconf 78' lang='grc' dir='ltr'><strong><em>πάντα</em></strong></span> <span class='ocrx_word' id='word_1_177' title='bbox 705 2960 896 3044; x_wconf 75' lang='grc' dir='ltr'><strong><em>ποιήσωμεν</em></strong></span> <span class='ocrx_word' id='word_1_178' title='bbox 929 2956 983 3024; x_wconf 80' lang='grc' dir='ltr'><strong><em>ἐπὶ</em></strong></span> <span class='ocrx_word' id='word_1_179' title='bbox 1015 2961 1075 3025; x_wconf 82' lang='grc' dir='ltr'><strong><em>τὸν</em></strong></span> <span class='ocrx_word' id='word_1_180' title='bbox 1108 2970 1170 3045; x_wconf 75' lang='grc' dir='ltr'><strong><em>γοο,</em></strong></span> 
     </span>
    </p>

    <p class='ocr_par' dir='ltr' id='par_1_11' title="bbox 147 3062 1169 3151">
     <span class='ocr_line' id='line_1_25' title="bbox 147 3062 1169 3151; baseline 0.002 -21"><span class='ocrx_word' id='word_1_181' title='bbox 147 3064 247 3130; x_wconf 82' lang='grc' dir='ltr'><strong><em>πάλιν</em></strong></span> <span class='ocrx_word' id='word_1_182' title='bbox 271 3063 428 3146; x_wconf 78' lang='grc' dir='ltr'><strong><em>ἀνάγεται</em></strong></span> <span class='ocrx_word' id='word_1_183' title='bbox 456 3066 503 3142; x_wconf 86' lang='grc' dir='ltr'><strong><em>εῖς</em></strong></span> <span class='ocrx_word' id='word_1_184' title='bbox 526 3065 563 3130; x_wconf 91' lang='grc' dir='ltr'><strong><em>τὸ</em></strong></span> <span class='ocrx_word' id='word_1_185' title='bbox 587 3062 698 3149; x_wconf 92' lang='grc' dir='ltr'><strong><em>εὑρεῖν</em></strong></span> <span class='ocrx_word' id='word_1_186' title='bbox 720 3075 808 3151; x_wconf 88' lang='grc' dir='ltr'><strong><em>τρεῖς</em></strong></span> <span class='ocrx_word' id='word_1_187' title='bbox 831 3063 1013 3151; x_wconf 75' lang='grc' dir='ltr'><strong><em>ἀριθμούς,</em></strong></span> <span class='ocrx_word' id='word_1_188' title='bbox 1037 3065 1125 3144; x_wconf 80' lang='grc' dir='ltr'><strong><em>ὅπως</em></strong></span> <span class='ocrx_word' id='word_1_189' title='bbox 1149 3067 1169 3132; x_wconf 93' lang='lat'>6</span> 
     </span>
    </p>
   </div>
   <div class='ocr_carea' id='block_1_8' title="bbox 148 3208 362 3216">
    <p class='ocr_par' dir='ltr' id='par_1_12' title="bbox 148 3208 362 3216">
     <span class='ocr_line' id='line_1_26' title="bbox 148 3208 362 3216; baseline -0.009 0"><span class='ocrx_word' id='word_1_190' title='bbox 148 3208 362 3216; x_wconf 74' lang='lat'><strong><em>---——--</em></strong></span> 
     </span>
    </p>
   </div>
   <div class='ocr_carea' id='block_1_9' title="bbox 147 3286 1172 3648">
    <p class='ocr_par' dir='ltr' id='par_1_13' title="bbox 147 3286 1172 3648">
     <span class='ocr_line' id='line_1_27' title="bbox 220 3286 1170 3364; baseline -0.001 -18"><span class='ocrx_word' id='word_1_191' title='bbox 220 3298 235 3346; x_wconf 91' lang='grc'><strong>6</strong></span> <span class='ocrx_word' id='word_1_192' title='bbox 255 3286 300 3344; x_wconf 74' lang='grc' dir='ltr'><strong><em>ἐπὶ</em></strong></span> <span class='ocrx_word' id='word_1_193' title='bbox 323 3289 373 3344; x_wconf 82' lang='grc' dir='ltr'><strong><em>τὸν</em></strong></span> <span class='ocrx_word' id='word_1_194' title='bbox 395 3287 489 3361; x_wconf 83' lang='grc' dir='ltr'><strong><em>τρίτον</em></strong></span> <span class='ocrx_word' id='word_1_195' title='bbox 512 3290 604 3361; x_wconf 82' lang='lat' dir='ltr'>suppl.</span> <span class='ocrx_word' id='word_1_196' title='bbox 622 3291 677 3346; x_wconf 80' lang='lat' dir='ltr'><strong><em>Ba.</em></strong></span> <span class='ocrx_word' id='word_1_197' title='bbox 767 3289 910 3347; x_wconf 83' lang='grc' dir='ltr'><strong><em>τουτέστιν</em></strong></span> <span class='ocrx_word' id='word_1_198' title='bbox 934 3287 981 3346; x_wconf 75' lang='grc' dir='ltr'><strong><em>ἐπὶ</em></strong></span> <span class='ocrx_word' id='word_1_199' title='bbox 1003 3292 1053 3347; x_wconf 84' lang='grc' dir='ltr'><strong><em>τὸν</em></strong></span> <span class='ocrx_word' id='word_1_200' title='bbox 1077 3288 1109 3347; x_wconf 81' lang='grc' dir='ltr'><strong><em>ἐκ</em></strong></span> <span class='ocrx_word' id='word_1_201' title='bbox 1134 3295 1170 3364; x_wconf 79' lang='lat' dir='ltr'><strong><em>A,</em></strong></span> 
     </span>
     <span class='ocr_line' id='line_1_28' title="bbox 147 3357 1169 3433; baseline 0 -15"><span class='ocrx_word' id='word_1_202' title='bbox 147 3359 271 3418; x_wconf 81' lang='grc' dir='ltr'><strong><em>τουτέστι</em></strong></span> <span class='ocrx_word' id='word_1_203' title='bbox 294 3361 344 3416; x_wconf 83' lang='grc' dir='ltr'><strong><em>τὸν</em></strong></span> <span class='ocrx_word' id='word_1_204' title='bbox 367 3360 414 3416; x_wconf 77' lang='grc' dir='ltr'><strong><em>ἐπὶ</em></strong></span> <span class='ocrx_word' id='word_1_205' title='bbox 436 3370 492 3418; x_wconf 84' lang='grc' dir='ltr'><strong><em>τῶν</em></strong></span> <span class='ocrx_word' id='word_1_206' title='bbox 515 3357 548 3416; x_wconf 74' lang='grc' dir='ltr'><strong><em>ἐκ</em></strong></span> <span class='ocrx_word' id='word_1_207' title='bbox 570 3361 616 3431; x_wconf 66' lang='lat' dir='ltr'><strong><em>B¹⁴</em></strong></span> <span class='ocrx_word' id='word_1_208' title='bbox 707 3367 722 3417; x_wconf 75' lang='lat'><strong><em>&#39;1</em></strong></span> <span class='ocrx_word' id='word_1_209' title='bbox 743 3368 804 3430; x_wconf 73' lang='grc' dir='ltr'><strong><em>Πθο</em></strong></span> <span class='ocrx_word' id='word_1_210' title='bbox 823 3363 914 3433; x_wconf 85' lang='lat' dir='ltr'>suppl.</span> <span class='ocrx_word' id='word_1_211' title='bbox 933 3363 988 3418; x_wconf 86' lang='lat' dir='ltr'><strong><em>Ba.</em></strong></span> <span class='ocrx_word' id='word_1_212' title='bbox 1081 3370 1096 3418; x_wconf 88' lang='lat'>8</span> <span class='ocrx_word' id='word_1_213' title='bbox 1116 3373 1169 3418; x_wconf 86' lang='grc' dir='ltr'><strong><em>τοῦ</em></strong></span> 
     </span>
     <span class='ocr_line' id='line_1_29' title="bbox 148 3431 1169 3504; baseline 0 -14"><span class='ocrx_word' id='word_1_214' title='bbox 148 3431 285 3504; x_wconf 80' lang='lat' dir='ltr'><strong>supplevi.</strong></span> <span class='ocrx_word' id='word_1_215' title='bbox 374 3439 406 3487; x_wconf 79' lang='lat'><strong><em>12</em></strong></span> <span class='ocrx_word' id='word_1_216' title='bbox 425 3432 549 3504; x_wconf 89' lang='grc' dir='ltr'><strong><em>μονάδα]</em></strong></span> <span class='ocrx_word' id='word_1_217' title='bbox 568 3432 641 3487; x_wconf 83' lang='grc' dir='ltr'><strong><em>δῦνα</em></strong></span> <span class='ocrx_word' id='word_1_218' title='bbox 663 3453 690 3488; x_wconf 91' lang='grc' dir='ltr'><strong><em>ιν</em></strong></span> <span class='ocrx_word' id='word_1_219' title='bbox 709 3433 783 3488; x_wconf 78' lang='lat' dir='ltr'><strong><em>AB.</em></strong></span> <span class='ocrx_word' id='word_1_220' title='bbox 872 3439 904 3488; x_wconf 86' lang='grc'><strong><em>13</em></strong></span> <span class='ocrx_word' id='word_1_221' title='bbox 923 3434 955 3488; x_wconf 86' lang='grc' dir='ltr'><strong><em>τὸ</em></strong></span> <span class='ocrx_word' id='word_1_222' title='bbox 973 3435 1006 3504; x_wconf 82' lang='lat' dir='ltr'><strong><em>A,</em></strong></span> <span class='ocrx_word' id='word_1_223' title='bbox 1029 3434 1080 3490; x_wconf 86' lang='grc' dir='ltr'><strong><em>τὸν</em></strong></span> <span class='ocrx_word' id='word_1_224' title='bbox 1099 3434 1131 3503; x_wconf 85' lang='grc' dir='ltr'><strong><em>Β,</em></strong></span> <span class='ocrx_word' id='word_1_225' title='bbox 1152 3435 1169 3490; x_wconf 89' lang='lat'>6</span> 
     </span>
     <span class='ocr_line' id='line_1_30' title="bbox 147 3475 1172 3576; baseline 0 -15"><span class='ocrx_word' id='word_1_226' title='bbox 147 3506 201 3561; x_wconf 83' lang='lat' dir='ltr'><strong><em>Ba.</em></strong></span> <span class='ocrx_word' id='word_1_227' title='bbox 268 3509 301 3558; x_wconf 84' lang='lat'><strong><em>14</em></strong></span> <span class='ocrx_word' id='word_1_228' title='bbox 324 3500 449 3558; x_wconf 82' lang='grc' dir='ltr'><strong><em>τουτέστι</em></strong></span> <span class='ocrx_word' id='word_1_229' title='bbox 467 3503 552 3559; x_wconf 82' lang='grc' dir='ltr'><strong><em>ΑΒα.</em></strong></span> <span class='ocrx_word' id='word_1_230' title='bbox 612 3507 704 3574; x_wconf 78' lang='grc' dir='ltr'><strong><em>ῖψας</em></strong></span> <span class='ocrx_word' id='word_1_231' title='bbox 727 3475 790 3574; x_wconf 60' lang='lat' dir='ltr'><strong><em>Ab,</em></strong></span> <span class='ocrx_word' id='word_1_232' title='bbox 812 3503 892 3574; x_wconf 82' lang='lat' dir='ltr'>(item</span> <span class='ocrx_word' id='word_1_233' title='bbox 912 3507 966 3576; x_wconf 85' lang='grc'>16).</span> <span class='ocrx_word' id='word_1_234' title='bbox 1036 3513 1069 3560; x_wconf 81' lang='lat'><strong><em>21</em></strong></span> <span class='ocrx_word' id='word_1_235' title='bbox 1089 3515 1172 3561; x_wconf 79' lang='grc' dir='ltr'><strong><em>ποιεῖ</em></strong></span> 
     </span>
     <span class='ocr_line' id='line_1_31' title="bbox 147 3570 913 3648; baseline 0.004 -20"><span class='ocrx_word' id='word_1_236' title='bbox 147 3574 173 3628; x_wconf 85' lang='lat' dir='ltr'>A</span> <span class='ocrx_word' id='word_1_237' title='bbox 193 3574 272 3646; x_wconf 71' lang='lat' dir='ltr'>(item</span> <span class='ocrx_word' id='word_1_238' title='bbox 290 3592 318 3644; x_wconf 88' lang='lat' dir='ltr'><strong><em>p.</em></strong></span> <span class='ocrx_word' id='word_1_239' title='bbox 334 3579 395 3643; x_wconf 79' lang='lat'><strong>378,</strong></span> <span class='ocrx_word' id='word_1_240' title='bbox 412 3579 436 3642; x_wconf 92' lang='lat'><strong><em>1,</em></strong></span> <span class='ocrx_word' id='word_1_241' title='bbox 452 3580 485 3628; x_wconf 90' lang='lat'><strong><em>10</em></strong></span> <span class='ocrx_word' id='word_1_242' title='bbox 499 3572 552 3642; x_wconf 77' lang='lat' dir='ltr'>bis,</span> <span class='ocrx_word' id='word_1_243' title='bbox 569 3577 620 3645; x_wconf 79' lang='grc' dir='ltr'><strong><em>ιε).</em></strong></span> <span class='ocrx_word' id='word_1_244' title='bbox 684 3581 728 3631; x_wconf 76' lang='lat'><strong><em>‘23</em></strong></span> <span class='ocrx_word' id='word_1_245' title='bbox 749 3570 801 3631; x_wconf 73' lang='grc' dir='ltr'><strong><em>εει</em></strong></span> <span class='ocrx_word' id='word_1_246' title='bbox 819 3594 848 3631; x_wconf 73' lang='grc' dir='ltr'><strong><em>τι</em></strong></span> <span class='ocrx_word' id='word_1_247' title='bbox 867 3576 913 3648; x_wconf 48' lang='grc' dir='ltr'><strong><em>Βι.</em></strong></span> 
     </span>
    </p>
   </div>
   <div class='ocr_carea' id='block_1_10' title="bbox 0 0 1281 3980">
    <p class='ocr_par' dir='ltr' id='par_1_14' title="bbox 0 0 1281 3980">
     <span class='ocr_line' id='line_1_32' title="bbox 0 0 1281 3980; baseline 0 0"><span class='ocrx_word' id='word_1_248' title='bbox 0 0 1281 3980; x_wconf 95' lang='lat' dir='ltr'><strong><em> </em></strong></span> 
     </span>
    </p>
   </div>
  </div>
 </body>
</html>
