2546 3986
398 141 448 191 nu
465 139 670 194 ronvooms
688 141 857 194 momnis,
1072 139 1139 206 475

121 298 186 388 vss‘,
214 305 247 366 et
275 301 467 366 habebimus
496 297 547 379 κξ’
571 301 697 384 datum,
725 323 824 385 quum
852 323 898 366 νκ
922 301 966 366 sit
988 300 1145 367 binarius,
1223 380 1225 384 ι

120 409 174 474 Ita
198 413 230 474 et
253 394 319 487 9Ῑῖ2
341 408 534 474 habebimus
558 408 680 492 datum,
708 430 727 472 a
751 429 814 492 quo
839 406 1068 472 subtrahentes
1092 406 1145 470 da-

120 521 194 580 tum
225 499 296 599 ddi,
329 514 494 580 residuum
525 513 719 579 habebimus
753 513 878 594 datum,
918 514 974 598 qui
1005 513 1145 597 quaesiti

119 623 278 707 polygoni
307 622 478 706 multiplex
506 621 568 685 erit
596 620 773 686 secundum
803 621 884 704 8κβ.
929 618 982 684 Ita
1004 619 1144 685 inveniri

119 731 231 812 potest
255 727 421 814 quaesitus
444 728 638 812 polygonus.

189 848 348 917 Similiter
379 854 413 916 et
444 851 600 936 polygoni
633 841 702 915 dati
734 850 935 916 inveniemus
964 851 1050 916 latus
1080 856 1142 934 ηθ.

119 955 212 1032 Quod
237 963 308 1023 erat
331 956 626 1022 demonstrandum.

555 1136 710 1144 ——n--a—

187 1275 472 1342 Accommodatius
500 1278 610 1340 autem
634 1275 675 1342 ad
698 1276 917 1361 disciplinam,
943 1277 1028 1342 idom
1051 1297 1176 1345 mon-9

120 1384 297 1450 strabimus
320 1382 361 1447 iis
386 1383 441 1468 qui
466 1383 614 1467 quaesita
632 1404 690 1467 per
707 1383 877 1448 methodos
900 1382 996 1448 facile
1018 1382 1140 1448 intelli-

119 1512 195 1577 gere
220 1489 362 1574 cupiunt.

186 1613 356 1679 Sumentes
375 1614 461 1678 latus
480 1612 648 1698 polygoni,
670 1612 751 1677 illud
774 1612 977 1696 duplicamus
1002 1633 1139 1697 semper,

118 1721 340 1786 subtrahimus
364 1720 538 1806 unitatem3
565 1718 730 1784 residuum
753 1717 1008 1803 multiplicantes
1032 1719 1067 1782 in
1090 1719 1140 1783 bi-

117 1829 210 1894 nario
243 1829 402 1893 minorem
439 1848 537 1910 quam
571 1827 706 1911 quotum
740 1824 948 1910 angulorum,
981 1824 1139 1910 producto

118 1935 265 2001 addimus
290 1936 479 2000 constanter
497 1933 527 1998 2.
574 1929 725 1996 Summae
747 1931 940 2015 quadratum
964 1934 1138 2016 sumentes,

118 2040 159 2106 ab
187 2040 244 2105 illo
273 2039 501 2106 subtrahemus
536 2038 731 2123 quadratum
763 2037 898 2102 minoris
930 2039 1138 2123 quaternario

118 2169 215 2232 quam
248 2147 339 2230 quoti
373 2147 581 2232 angulorum,
613 2149 645 2209 et
677 2144 841 2210 residuum
872 2143 1050 2210 dividentes
1080 2166 1138 2228 per

118 2251 202 2318 8Ριιῃῃ
225 2241 364 2318 minoris
385 2252 512 2318 binario
537 2274 636 2337 quam
656 2251 748 2336 quoti
767 2251 971 2336 angulorum,
994 2252 1137 2317 invenie-

116 2382 188 2425 mus
212 2360 392 2443 quaesitum
416 2361 626 2445 polygonum.
977 2355 979 2360 ’

182 2483 308 2549 Rursus
331 2484 404 2568 ipso
427 2484 593 2568 polygono
618 2483 709 2567 dato,
739 2483 826 2546 latus
851 2481 897 2548 sic
920 2481 1135 2548 inveniemus:

116 2589 371 2674 multiplicantes
404 2589 496 2653 illum
528 2591 562 2654 in
596 2587 681 2654 89¹¹²¹¹²
714 2587 849 2653 minoris
881 2587 1009 2652 binario
1038 2609 1136 2672 quam

117 2697 210 2782 quoti
232 2697 433 2781 angulorum,
457 2698 490 2760 et
507 2694 666 2779 producto
687 2694 840 2759 addentes
861 2692 1057 2778 quadratum
1075 2695 1137 2758 mi-

115 2803 204 2867 noris
228 2801 437 2886 quaternario
461 2822 558 2886 quarn
583 2801 675 2884 quoti
698 2800 907 2886 angulorum,
936 2801 1136 2866 inveniemus

116 2910 324 2995 quadratum,
357 2909 385 2974 si
414 2913 523 2973 tamen
551 2907 738 2992 propositus
768 2907 812 2971 sit
839 2907 1033 2992 polygonus.
1082 2905 1135 2971 Ab

116 3017 212 3081 huius
237 3015 387 3101 quadrati
409 3015 516 3080 radice
540 3014 769 3079 subtrahentes
793 3016 979 3078 constanter
1003 3015 1032 3096 2,
1058 3014 1136 3078 resi·

117 3124 215 3189 duum
243 3122 421 3187 dividemus
449 3143 506 3205 per
535 3121 693 3216 minorem
723 3119 851 3184 binario
876 3142 973 3204 quam
998 3123 1135 3204 quotum

117 3369 222 3425 τούτων
241 3370 302 3426 ΑΒ.
390 3363 482 3424 ὅέστι
501 3369 545 3440 ΒῙ.
633 3374 665 3422 12
685 3367 742 3439 del]
761 3367 811 3422 καὶ
829 3367 875 3422 del
892 3369 947 3424 Bo.
1035 3373 1068 3422 15
1086 3368 1135 3423 uod

117 3456 171 3494 om.
191 3442 244 3497 Ba.
320 3447 352 3496 17
373 3439 460 3498 ἐλάττ,
480 3440 513 3510 Β1
531 3439 612 3511 (item
626 3445 669 3506 23,
685 3445 727 3508 25,
740 3441 795 3509 28).
869 3444 902 3493 21
923 3437 950 3493 d’
973 3439 1059 3494 αὐτοῦ
1079 3441 1134 3495 Ba.

151 3521 200 3566 τοῦ
220 3529 273 3566 om.
293 3514 346 3567 Bo.
421 3519 455 3567 28
474 3519 624 3583 μεριοῦμεν
643 3511 704 3566 AB.
