2546 3986
300 989 609 1067 ΔΙΟΦΑΝΤΟΥ
634 987 1024 1072 ΑΛΕΞΑΝΔΡΕΩΣ

394 1147 482 1197 ΠΕΡΙ
500 1143 737 1199 nomam
755 1143 928 1197 ΑΡιοιιωα.

210 1376 370 1455 Ἕκαστος
392 1388 459 1443 τῶν
483 1376 547 1444 άπὸ
570 1386 628 1461 τῆς
646 1377 781 1463 τριάδος
799 1375 954 1462 ἀριθμῶν
978 1373 1176 1460 αὐξομένων

153 1484 285 1568 μονάδι,
308 1485 504 1568 πολύγωνός
522 1483 592 1550 ἐστι
614 1495 746 1570 πρῶτον
769 1482 834 1549 άπὸ
857 1492 914 1567 τῆς
936 1482 1095 1567 μονάδος,
1118 1481 1175 1548 καὶ

123 1593 219 1678 τέγει
246 1595 368 1676 γωνίας
395 1591 556 1668 τοσαύτας
584 1591 665 1657 ὅσον
693 1588 783 1656 ἐστὶν
810 1591 847 1656 τὸ
877 1595 1007 1674 πλῆθος
1038 1601 1105 1655 τῶν
1136 1588 1174 1654 έν

152 1696 241 1786 αὐτῷ
265 1697 435 1783 μονάδων·
458 1697 586 1784 πλευρά
603 1721 638 1763 τε
657 1697 761 1764 αὐτοῦ
784 1695 874 1762 ἐστιν
897 1696 915 1762 6
939 1692 1012 1780 ἑξῆς
1033 1704 1091 1781 τῆς
1113 1720 1174 1780 μο-

151 1805 254 1881 νάδος
276 1802 431 1890 ἀριθμός,
457 1804 475 1869 6
498 1807 530 1888 β.
567 1806 658 1870 ἔσται
681 1800 720 1892 δὲ
742 1803 761 1869 6
781 1800 843 1888 μέν
859 1813 880 1886 γ
896 1807 1068 1890 τρίγωνος,
1091 1803 1110 1868 6
1135 1799 1174 1868 δὲ

152 1895 173 1974 δ
195 1911 412 1998 τετράγωνος,
435 1911 454 1977 6
478 1907 516 1976 δὲ
536 1920 555 1975 ἓ
577 1912 797 1995 πευτάγωνος,
821 1908 997 1976 καὶτοῦτο
1022 1906 1104 1993 ἑξῆς.

223 2021 297 2084 Τών
330 2019 371 2102 δὴ
403 2019 619 2104 τετραγώνων
655 2019 833 2103 προδήλων
865 2018 972 2082 ὄντων
1005 2016 1055 2082 ὅτι
1086 2023 1172 2082 καθ-

109 2150 137 2190 10
150 2127 306 2208 εστήκασι
323 2124 526 2211 τετράγωνοι
544 2125 601 2188 διὰ
619 2127 657 2189 τὸ
680 2121 854 2206 γεγονέναι
876 2123 998 2200 αὐτοὺς
1020 2121 1053 2201 ἐξ
1073 2122 1172 2209 άριθ-

150 2238 216 2314 μοῦ
234 2252 326 2308 τινος
344 2229 396 2315 ἐφ’
420 2228 540 2296 ἑαυτὸν
558 2227 938 2313 πολλαπλασιασθέντος,
963 2227 1170 2315 ἐδοκιμάσθη

150 2335 289 2402 ἕκαστον
312 2346 379 2402 τών
401 2337 619 2421 πολυγώνων,
643 2338 994 2420 πολυπλασιαζόμενον
1018 2335 1075 2400 ἐπί
1094 2359 1170 2401 τινα

150 2442 298 2529 ἀριθμὸν
315 2444 397 2509 κατὰ
416 2445 477 2528 τὴν
501 2443 682 2528 άυαλογίαυ
701 2451 761 2509 τοῦ
780 2445 933 2526 πλήθους
950 2453 1017 2508 τών
1036 2453 1170 2526 γωνιῶν

150 2549 270 2635 αὐτοῦ,
299 2548 354 2615 καλ
377 2553 610 2637 προσλαβόντα
633 2551 842 2637 τετράγωνόν
865 2573 940 2614 τινα
962 2549 1063 2614 πάλιν
1085 2551 1169 2615 κατὰ

108 2682 135 2722 15
149 2657 210 2739 τὴν
236 2655 418 2740 ἀναλογίαν
441 2667 501 2724 τοῦ
524 2659 675 2740 πλήθους
697 2667 764 2722 τῶν
787 2667 919 2738 γωνιῶν
942 2655 1065 2740 αὐτῶν,
1092 2661 1169 2741 φαί-

148 2770 269 2828 νεσθαι
296 2765 516 2851 τετράγωνον·
548 2764 565 2829 δ
595 2764 636 2847 δὴ
659 2768 913 2849 παραστήσομεν
935 2762 1169 2841 ὑποδείξαντος

147 2880 216 2947 πώς
248 2869 312 2936 ἀπὸ
346 2872 504 2956 δοθείσης
535 2876 679 2957 πλευρᾶς
710 2869 728 2934 6
757 2866 945 2956 ἐπιταχθεὶς
971 2869 1169 2952 πολύγωνος

147 2975 344 3062 εὑρίσκεται,
367 2974 422 3041 καὶ
440 2989 509 3055 πώς
527 2976 664 3044 δοθέντι
687 2978 872 3065 πολυγώνῳ
893 2975 913 3059 ἡ
936 2977 1063 3062 πλευρά
1086 2981 1168 3060 λαμ-

147 3081 296 3164 βάνεται·
319 3082 537 3169 προδείξομεν
562 3080 599 3149 δέ
621 3085 661 3149 τά
685 3085 731 3160 εἰς
754 3083 837 3149 αὐτὰ
860 3085 1105 3167 λαμβανόμενα.

576 3263 736 3271 .-—--—-—--

147 3313 360 3320 m-——w—

219 3415 260 3485 1s2
279 3414 405 3471 fibulum
427 3432 481 3472 om.
500 3418 555 3474 Βα.
631 3425 649 3472 4
667 3426 776 3489 πρῶτος
793 3417 849 3473 Βα.
932 3422 947 3471 5
967 3412 1024 3471 ἐστι
1043 3416 1074 3470 B.

146 3493 162 3539 6
182 3485 267 3554 αὐτῆς
284 3486 358 3542 AB.
437 3488 498 3559 9J10
517 3488 703 3557 αατεστήαασι
720 3489 776 3546 Βα.
856 3492 888 3542 11
910 3482 1012 3543 ἑαυτοῦ
1030 3487 1091 3544 AB.

145 3561 179 3610 12
199 3554 314 3620 ἕκαστος
332 3527 392 3613 613.
464 3560 757 3631 πολυπλασιαζόμενος
771 3559 836 3630 AB,
855 3557 1167 3631 πολλαπλασιαζόμενος
